2690 4452
415 224 425 260 l

277 321 454 376 truse
503 321 804 374 sarrrnus.
1134 297 1215 395 ⁴495
1269 351 1274 362 .

13 477 18 486 .
64 423 227 492 Tartara
240 449 314 490 non
328 426 415 492 aliu-s
427 439 556 516 poterat
566 423 654 490 mihi
669 451 812 494 crescere
824 423 937 494 frater.

79 515 191 581 Parva
204 515 331 582 dedisse
344 529 459 581 tamen
473 514 567 580 fratri
583 517 790 582 munuscula
803 543 912 584 arenae

83 599 341 672 Exitiale'nefas
359 621 391 670 et
404 604 478 670 dira
490 619 598 670 morte
612 603 779 672 luendum
792 623 852 672 est.
946 651 953 666 ·
1030 643 1033 653 ·

84 695 178 786 Ergo
190 719 245 760 me
262 693 402 762 thalami
420 709 609 782 exsortem,
633 693 851 788 pulchrisque
865 693 1053 790 hymenaeis

86 784 195 850 Praere
218 800 288 850 tam
299 830 311 875 ,
324 783 458 850 assiduo
472 801 677 850 crescentem
691 784 733 850 ad
745 787 896 854 maxima
911 788 1007 854 cultu

28 859 45 898 l
85 871 176 940 Ecce
189 811 298 940 green
309 876 417 942 tristes
429 872 529 940 Erebi
547 873 694 940 detrudit
708 875 751 941 ad
767 877 916 951 umbras.

87 943 171 1029 Noli
188 963 275 1029 mihi
313 965 349 1030 ui
362 964 544 1054 comploret
559 961 674 1052 adest3
693 989 835 1031 excussa*
847 967 998 1058 superbis

89 1052 231 1118 Sedibus
250 1054 292 1120 ad
348 1077 428 1120 anes
445 1053 603 1119 demittor
614 1055 690 1120 viva
705 1055 863 1148 sepultos.

84 1142 186 1227 Quid
198 1142 282 1231 feci,
301 1143 441 1209 infelix?
453 1143 591 1211 Vestras
629 1169 674 1208 uo
688 1145 853 1230 crimine,
866 1145 968 1234 Divi,

86 1233 287 1300 ¹¹Commerui
304 1234 444 1324 poenasl
464 1231 528 1300 Sed
542 1169 628 1322 quid
644 1233 792 1300 crudelia
806 1250 909 1301 testor

86 1319 270 1412 Numina,
286 1325 402 1426 quisve
416 1323 599 1388 hominum
612 1322 694 1388 fletu
705 1324 888 1424 comploret
904 1322 1036 1410 amico,
1062 1359 1065 1364 ·
1156 1401 1158 1405 ι

87 1411 382 1504 Quandoqindem
422 1413 503 1477 ietas
521 1411 635 1475 sceleri
650 1411 769 1477 datur:
788 1413 847 1477 rlla
860 1413 986 1504 pianda
1110 1424 1112 1430 '

88 1501 291 1592 Sanguine,
309 1504 337 1569 si
350 1440 457 1569 scelus
471 1513 531 1566 est.
552 1499 584 1565 O
598 1499 775 1590 Numina,
790 1503 915 1593 parcite
926 1501 1013 1594 Regi

94 1592 278 1681 Innocua,
298 1592 384 1657 mihi
398 1615 498 1684 poena
514 1589 642 1680 placet,
658 1615 721 1655 nec
734 1591 893 1682 deprocul¹
903 1593 987 1678 iras,
1035 1584 1042 1626 l

90 1681 157 1746 Sin
174 1680 315 1748 infanda
326 1679 436 1748 Creon
454 1680 548 1770 jubet
565 1679 740 1770 improbus
753 1683 841 1771 ipse3
863 1680 1000 1746 Creonti

95 1769 242 1837 Reddite
252 1797 330 1863 quse
344 1772 502 1860 ferimus,
520 1770 763 1837 nec-deteriora
777 1769 968 1862 precamur.

157 1948 1072 2070 rennesaaononus·
1140 1922 1171 1944 ²

351 2148 377 2193 Δ
407 2145 530 2194 LUPA’
557 2147 778 2194 NUTMTI·
872 2164 880 2181 ¹

95 2243 308 2377 Fessus,
325 2307 358 2354 et
370 2291 490 2355 infelix
503 2293 651 2357 sobolem
662 2295 835 2382 complexa
851 2297 1009 2371 tenellam
1070 2282 1074 2296 .
1160 2299 1161 2308 ’

94 2386 199 2454 Silvia
213 2397 367 2447 materno
380 2378 542 2446 miscebat
555 2381 678 2469 gaudia
689 2382 797 2446 luctu.

99 2481 146 2544 At
163 2495 291 2539 saevum
305 2467 451 2534 immani
464 2492 600 2534 versans
614 2470 786 2535 subcorde
799 2471 950 2537 furorem

58 2563 60 2570 ’
97 2567 266 2664 Vanaque
278 2558 417 2626 consilia
436 2574 468 2623 et
481 2556 635 2624 fraudem
647 2555 1005 2650 indignatusinanem

96 2653 284 2738 Amulius,
302 2649 461 2714 miseram
473 2647 571 2714 dictis
585 2649 740 2740 objurgat
751 2651 874 2716 amaris
889 2679 898 2716 s

95 2774 124 2811 a<
139 2746 229 2834 Ergo
239 2763 332 2812 meos
344 2787 354 2827 ,
370 2738 532 2825 demens,
546 2739 684 2829 sperasti
702 2739 814 2804 fallere
829 2743 942 2831 visus,

98 2863 124 2899 ο)
141 2835 185 2899 Et
201 2833 311 2898 Vestae
328 2843 360 2894 et
374 2843 507 2894 nostros
523 2851 604 2896 ausa
619 2853 653 2895 es
666 2846 825 2895 temerare
836 2832 1003 2902 Penates?

97 2952 124 2989 ο)
136 2923 173 2990 -O
186 2919 325 2988 famuli!
347 2933 517 3009 properate
531 2917 651 2984 domds
667 2919 862 3011 extinguere
876 2941 999 2992 nostrae

5 3089 9 3098 ⁵
101 3041 125 3077 u
141 3011 314 3096 Dedecus,
334 3007 513 3099 indignam
527 3008 653 3100 prolem
666 3009 780 3077 Tibris
793 3010 927 3079 hauriat
941 3017 1048 3106 ultor,

102 3130 127 3168 a>
141 3099 348 3170 Vindicibns
361 3113 430 3163 tarn
447 3113 544 3189 turpe
557 3097 652 3164 nefas
664 3099 777 3164 Tibris
791 3101 927 3169 hauriat
937 3108 1053 3174 undis.
1067 3133 1101 3173 u.

103 3191 256 3259 Dixerat.
275 3188 425 3278 Imperio
442 3205 581 3280 parent,
597 3208 771 3280 cunasqt
785 3210 948 3259 recentes
972 3233 974 3238 ,

104 3279 323 3370 Corripiunt,
342 3277 521 3365 medioque
531 3279 727 3344 immittunt
740 3299 841 3347 amne
854 3285 1003 3350 ministri
1016 3333 1026 3374 ,

103 3373 187 3462 Spes
203 3391 317 3434 rerum
330 3367 505 3457 ingentes,
519 3393 652 3458 magnae
665 3371 875 3436 incunabula
891 3375 1020 3441 Romae.

106 3459 248 3550 Exbepit
258 3455 377 3522 melior
390 3455 536 3542 fluvius,
552 3458 716 3547 mollique
726 3476 890 3526 natantes·
1024 3534 1033 3556 ⁸

106 3552 222 3620 Portat
235 3548 325 3638 aqud
339 3569 467 3634 cunas,
482 3543 658 3637 fluctuque
674 3547 793 3614 alludit
808 3552 929 3617 amico.

49 3637 51 3641 ¹
109 3640 257 3730 Jamque
275 3636 355 3702 colit
366 3635 553 3714 Dominos,
570 3635 729 3713 Dominis
738 3638 948 3732 famulatur,
962 3667 1129 3738 aquarum

110 3717 300 3820 Obsequio,
322 3741 354 3792 et
370 3726 439 3806 leni
450 3748 569 3815 pueros
581 3725 744 3792 innoxius
756 3729 848 3796 alveo
914 3742 916 3754 ⁴

110 3818 256 3889 Devehit
263 3819 309 3897 ad
319 3818 432 3913 ripas,
448 3841 487 3885 ac
500 3805 596 3914 teria
606 3817 740 3886 reddere
748 3819 873 3912 gaudet
881 3865 894 3910 ,
