2648 4452
338 219 731 292 *srorrrcaz
964 203 1042 277 „123

103 319 158 394 vel
185 319 233 394 arl
256 319 437 392 minimam
459 318 767 420 reprehensionem
788 347 869 412 „ne
902 315 1042 420 jocandi

103 417 248 518 quidem
264 433 327 490 aut
348 417 488 488 ridendi
508 420 626 490 causa.
649 419 886 518 Persequatur
901 420 1042 496 sanavi

101 516 310 588 etacumine
323 514 392 615 Epi
434 532 630 588 ammatum
642 541 713 586 non
721 515 898 590 laudanda
907 517 1040 610 solum,
1128 599 1131 605 f

103 613 163 685 aed
196 613 304 685 etiam
356 542 434 684 ὡς
443 613 506 684 uid
536 613 613 686 vitu
660 613 771 686 rabile
793 631 874 686 ests
898 631 1042 692 naturas

101 737 222 782 rerum
238 738 279 784 su
304 710 311 726 ‘
342 727 399 803 et,
417 640 603 784 bominum
629 728 730 804 acta,
749 711 866 805 dicta,
883 737 1039 803 errores,
1141 712 1147 723 “

100 811 339 908 suspiciones,
367 825 516 882 eventus
545 805 706 882 fortuitos
729 825 859 902 notet,
885 808 1044 882 mosibus

99 905 297 986 insultetur
314 906 430 1000 vitiis,
450 906 621 998 irrideat,
638 923 867 1006 aspernetur:
887 922 926 978 at
941 933 1045 978 reve·

88 1001 220 1076 'rentur
234 1031 423 1104 personas,
442 1031 482 1076 ac
498 1003 657 1078 versibus
674 1005 746 1077 suis
765 1005 946 1078 neminem
965 1029 1045 1106 pro·

11 1096 16 1108 '
47 1176 51 1192 ,
100 1101 161 1184 dat
169 1153 183 1192 ‚
202 1101 384 1175 neminem
398 1101 506 1176 verbo
520 1102 579 1176 vel
592 1120 683 1176 nutu
698 1103 872 1215 designet·
895 1181 900 1193 ,

148 1199 255 1270 certe
280 1197 455 1272 Martialis
480 1199 545 1272 hoc
566 1197 750 1299 profitetur
774 1227 814 1272 ιιι
839 1196 1045 1300 praefatione

101 1295 255 1408 universi
280 1297 418 1396 operis,
444 1297 600 1370 Ludere
621 1325 667 1371 se
693 1298 804 1372 saled
833 1297 1044 1399 irfimamm

125 1421 506 1495 unquepersonnmm
519 1395 731 1472 reverentia
743 1426 755 1467 .·
769 1412 806 1467 et
817 1397 864 1468 L.
883 1421 915 1466 ι.
928 1397 1044 1496 Epig.

101 1420 218 1590 iiegat
228 1518 265 1562 se
276 1491 381 1564 ullius
394 1493 668 1592 Epigrammatis
679 1518 754 1563 esse
765 1509 965 1582 auctorem,
976 1517 1047 1590 quo

100 1588 178 1688 quis
195 1587 406 1660 nominatim
421 1585 731 1690 perstringeretur.
744 1589 858 1690 Epig.
871 1587 909 1662 5.

170 1761 305 1836 Quisquis
318 1765 430 1816 stolaeve
442 1779 601 1834 purpuraeve
614 1773 803 1833 contemptor,

170 1843 252 1907 Quos
263 1839 354 1890 colere
367 1839 463 1903 debet,
478 1838 550 1890 laesit
566 1839 650 1908 impio
667 1855 764 1902 versu3
791 1853 794 1859 ’

170 1915 274 1982 Pontes
283 1931 342 1986 sper
356 1913 429 1964 urbis
443 1925 514 1964 erret
527 1914 606 1971 exul,
622 1925 651 1962 et
663 1912 768 1978 clivos,

171 1991 301 2058 Interque
315 2003 409 2038 raucos
422 1985 534 2038 ultimus
548 1998 685 2058 rogatores

169 2064 242 2113 Oret
253 2061 361 2112 caninas
373 2060 449 2131 panis
461 2060 577 2130 improbi
591 2062 699 2114 buccas.

146 2193 306 2288 Ibidem,
320 2197 434 2298 Epig.
453 2193 515 2268 33.
619 2298 623 2305 Ι

170 2363 255 2414 Hunc
276 2376 382 2412 serrare
396 2361 506 2414 modum
520 2359 605 2411 nostri
619 2375 718 2414 novere
731 2347 851 2425 Libelli;

212 2437 326 2487 Parcere
343 2437 481 2504 personis,
501 2433 592 2486 dicere
611 2433 745 2485 devitiis.
773 2457 776 2466 ι
851 2463 856 2471 -

148 2573 281 2672 Neque
311 2585 432 2640 tamen
456 2569 651 2668 quisquam
678 2563 846 2654 dubitet,
880 2565 995 2668 quin,
1029 2569 1051 2638 a

101 2669 268 2746 Martiale
350 2666 435 2736 oties
484 2665 665 2750 eretrictus
687 2679 743 2760 est
761 2662 943 2764 quispiam
960 2665 1049 2736 Car-

102 2767 281 2858 minibus,
317 2765 410 2836 uerit
431 2763 438 2778 '
469 2791 481 2832 1
501 2761 794 2864 praesentissimus
815 2789 907 2836 unus
924 2761 1050 2864 aliquis

69 2931 86 2946 ,,
103 2884 140 2940 et
153 2883 270 2938 certus
285 2881 321 2936 et
337 2859 501 2934 definitus
515 2879 552 2934 et
564 2878 667 2934 notus
680 2856 806 2949 homo,
825 2886 901 2931 non
914 2885 1048 2960 vagus,
1076 2937 1078 2942 ,

104 2981 167 3038 aut
197 2963 394 3053 obscurus,
422 2977 485 3032 aut
511 2959 622 3032 animi
649 2961 756 3032 causb
779 2956 908 3052 fictus,
930 2974 1052 3030 contra

65 3055 81 3075 ”
104 3090 214 3163 quem
243 3061 290 3142 sic
318 3071 490 3160 tanquam
515 3076 636 3144 contra
665 3055 832 3132 umbram
860 3071 1048 3171 pugnaret.

106 3166 158 3233 At
175 3159 404 3259 Epigramma
430 3162 509 3229 cum
534 3157 729 3248 scriberet,
756 3153 895 3227 affinxit
922 3178 1052 3225 nomen

24 3285 28 3294 ’
106 3257 283 3330 arbitratu
305 3285 395 3346 suo,
423 3255 490 3327 sub
515 3281 586 3355 quo
607 3251 922 3344 nomineflateret,
944 3274 1052 3358 quem

105 3356 214 3430 vellet
236 3354 408 3456 ignotam.
435 3353 531 3426 Hinc
549 3369 651 3424 tenta
670 3349 860 3422 multitudo
889 3361 926 3417 et
950 3371 1052 3443 copra

108 3455 206 3554 apud
229 3477 313 3524 eum
337 3447 498 3532 fictorum
519 3450 732 3536 nominum,
758 3459 930 3544 quantam
957 3469 1051 3514 nune

107 3553 270 3627 ridemus
282 3603 293 3642 ,
307 3575 352 3622 ne
366 3551 490 3621 verum
505 3569 634 3648 nornen
648 3557 854 3644 appareret,
876 3557 940 3614 aut
955 3541 1051 3613 ullus

105 3653 450 3752 reipsbnosceretur·
555 3666 558 3676 ’
1007 3669 1010 3676 ·

116 3823 117 3826 ,
160 3751 282 3852 Atque
316 3747 454 3822 utinam
476 3758 556 3832 tam'
570 3741 750 3843 religiosus
773 3737 1051 3843 indeciinaudis
