2666 4452
132 231 208 310 bffi
389 243 810 312 'cannrnuu‘

177 357 245 419 Ars
262 349 342 437 illa,
361 374 467 440 quam
483 365 523 415 tu
541 324 683 438 tradas,
707 375 751 420 au
769 365 936 445 quaestum
953 349 1066 440 parit?

168 440 246 506 cui
263 441 379 506 retulit
396 441 500 528 alter,
518 466 616 532 parce
629 467 646 530 3.
657 441 707 510 nil
725 467 839 518 rerum
856 431 1033 525 omniurn,

179 533 276 614 Quas
296 531 497 621 suspicaris,
516 547 587 597 tam
605 531 693 596 malb
709 533 894 627 nunqudm
918 529 1086 622 visimus,

178 620 247 692 Res
266 620 364 685 hodie
381 621 491 712 pejor,
513 621 593 692 olim
612 623 716 712 qudm
733 620 818 710 fuit,
838 621 975 687 lucrum

185 709 334 776 Cessavit
352 735 473 793 omne,
495 711 551 775 vix
573 727 604 776 et
623 711 778 782 assiduus
797 711 911 801 labor,
928 761 930 768 Α
1020 775 1023 782 ,

182 799 264 884 Qub
283 801 432 867 victitare
448 791 566 886 liceat,
587 792 897 876 fructum'sufficit.
922 874 926 883 ‚

183 887 280 975 Quid
298 889 423 956 facias?
444 889 553 954 nihilo
572 891 720 958 vivimus
733 892 801 955 laeti
816 890 955 982 minuc,

184 981 229 1045 Et
247 981 410 1069 quoniam
425 981 523 1069 nobis
538 1005 607 1046 esse
624 982 745 1046 melids
760 1005 833 1047 non
847 995 979 1074 potest,

184 1067 437 1159 Quodcumque
458 1071 600 1178 cecidit,
622 1071 679 1144 illo
698 1070 850 1138 contenti
870 1093 1003 1134 sumus.
1030 1088 1035 1098 “

185 1159 289 1226 Dives
306 1161 448 1224 miratus
466 1160 616 1250 hominls
634 1187 743 1230 mores
762 1159 945 1245 candidos,
999 1215 1004 1226 .

186 1251 234 1314 At
286 1247 292 1260 ’
312 1249 417 1314 beatis
436 1275 527 1315 unus
542 1251 560 1316 ὲ
575 1249 774 1330 mortalibus
797 1325 800 1332 Ι

187 1273 372 1426 Μὲἓεε,
393 1339 530 1430 inquit,
552 1366 598 1418 en
618 1365 701 1434 caps
715 1339 777 1408 hos
799 1353 939 1421 centum
955 1361 1120 1426 aureos,.

81 1450 91 1458 ‘
188 1429 232 1493 Et
250 1427 370 1494 faustis
392 1429 509 1496 avibus
528 1447 636 1522 repete
655 1456 741 1521 quos
759 1427 888 1496 habitas
906 1428 1004 1494 lares

187 1518 356 1584 Reversus
373 1519 451 1608 ille,
473 1537 595 1590 sortem
611 1537 642 1586 et
659 1537 806 1612 gratatus
822 1523 970 1606 bonam,

189 1607 354 1674 Defodere
371 1620 482 1700 partas
501 1611 615 1678 sedulb
632 1609 829 1702 imprudens
845 1632 945 1700 opes,
998 1639 1001 1642 ·

190 1689 234 1764 Et
252 1701 417 1788 tanqudrn
432 1701 533 1770 sacris
549 1727 692 1792 parcere.
711 1707 758 1772 At
775 1724 864 1768 curto
883 1695 985 1766 simul

118 1858 122 1864 ,
193 1791 350 1876 Crevere3
370 1791 472 1854 crevit
488 1792 613 1855 mentis
631 1790 801 1876 anxietas,
819 1813 940 1880 pavor,

192 1879 374 1942 Desossum
393 1903 437 1944 ne
452 1878 528 1970 quis
542 1879 625 1944 fortb
641 1878 839 1944 thesaurum
855 1871 995 1948 auferat·

192 1970 246 2036 Ire
265 1985 296 2033 et
311 1967 416 2032 redire
431 1970 555 2034 centies
570 1985 675 2038 noctu
690 1986 723 2038 et
737 1969 818 2055 diu,

193 2061 357 2150 Repostos
376 2085 443 2147 quo
460 2059 560 2124 latere
574 2076 671 2124 norat
686 2084 816 2144 aureos.

189 2150 281 2212 Mox
297 2148 428 2210 exulare
447 2148 590 2236 gaudia,
606 2165 706 2236 atque
723 2148 830 2214 altum
847 2144 940 2210 domi

194 2237 349 2328 Regnare
362 2237 483 2306 solidos
496 2263 553 2328 per
572 2236 640 2309 dies
654 2235 842 2305 silentium.

196 2325 349 2418 Agnovit
362 2326 416 2390 ille
435 2352 572 2392 causam
585 2328 762 2392 turbatum
777 2352 814 2391 ac
829 2339 952 2414 caput—'3

197 2418 337 2482 Malum
351 2443 413 2482 nec
432 2419 518 2486 ultrb
535 2442 652 2508 passus
669 2417 921 2509 ingravescere,

197 2508 323 2574 Divitis
335 2508 373 2572 in
388 2507 473 2574 aedes
486 2507 629 2592 revolat,
645 2526 677 2574 et
690 2524 830 2574 centum
842 2527 960 2572 aureos

200 2600 399 2664 Restituens
416 2647 426 2685 ,
443 2598 567 2684 reddo,
585 2598 692 2686 dixit,
708 2623 791 2688 quas
808 2595 963 2679 dederas,
978 2614 1055 2685 opes
1065 2618 1075 2680 3
1116 2633 1120 2643 ι

200 2689 258 2751 Tu
273 2705 387 2754 nostra
405 2689 527 2780 pariter
543 2689 643 2754 redde
660 2691 758 2772 nobis
772 2687 904 2780 gaudia.

198 2839 359 2936 Ingentes
376 2866 474 2945 curas
495 2843 633 2936 pariunt
648 2842 804 2934 ingentes
826 2819 916 2933 opes.

263 2993 983 3120 caursmasruus

202 3181 422 3298 Canauna
433 3257 485 3296 ur
500 3229 625 3322 pariter
640 3226 770 3292 Asinus
784 3241 815 3290 et
830 3226 931 3292 Canis
939 3227 1029 3292 viam
1043 3273 1053 3308 ,

202 3325 336 3414 Agente
351 3339 535 3412 utrumque
552 3320 743 3412 proximant
752 3313 798 3384 ¹in
810 3319 930 3384 urbem
943 3318 1097 3385 Rustica.

202 3412 273 3477 Hic
287 3415 370 3478 ddm
386 3415 495 3478 labore
509 3413 614 3478 fessus
628 3427 660 3476 et
675 3409 755 3474 vino
768 3411 875 3498 gravis
1104 3410 1106 3416 ’

203 3499 404 3589 obdormit,
420 3505 549 3570 Asinus
562 3503 701 3568 herbam
714 3514 834 3566 nactus
848 3498 1014 3566 roscidam

204 3591 293 3655 Belle
308 3594 511 3682 prandebat,
531 3594 574 3660 ad
588 3617 690 3682 quem
700 3615 881 3658 conversus
895 3589 1017 3674 Canis,

204 3682 364 3750 Latrante
382 3685 531 3770 multd'm
546 3682 740 3765 stomacho,
760 3682 797 3745 ni
815 3705 911 3770 grave
924 3695 995 3766 est,
1009 3677 1074 3762 ait,

136 3779 138 3786 ⁴
166 3768 349 3859 mre,
365 3772 503 3840 dorsum
521 3771 688 3866 deprime,
710 3769 835 3841 inflexo
847 3791 958 3866 genu,
