<?xml version="1.0" encoding="UTF-8"?>
<!DOCTYPE html PUBLIC "-//W3C//DTD XHTML 1.0 Transitional//EN"
    "http://www.w3.org/TR/xhtml1/DTD/xhtml1-transitional.dtd">
<html xmlns="http://www.w3.org/1999/xhtml" xml:lang="en" lang="en">
 <head>
  <title>
</title>
<meta http-equiv="Content-Type" content="text/html;charset=utf-8" />
  <meta name='ocr-system' content='tesseract 3.04.00' />
  <meta name='ocr-capabilities' content='ocr_page ocr_carea ocr_par ocr_line ocrx_word'/>
</head>
<body>
  <div class='ocr_page' id='page_1' title='image "./bibliothecarhet00jaygoog_0275.png"; bbox 0 0 2666 4452; ppageno 0'>
   <div class='ocr_carea' id='block_1_1' title="bbox 316 267 924 328">
    <p class='ocr_par' dir='ltr' id='par_1_1' title="bbox 316 267 924 328">
     <span class='ocr_line' id='line_1_1' title="bbox 316 267 924 328; baseline 0.007 -3"><span class='ocrx_word' id='word_1_1' title='bbox 316 277 490 326; x_wconf 75' lang='lat' dir='ltr'><strong>ursan</strong></span> <span class='ocrx_word' id='word_1_2' title='bbox 540 267 804 328; x_wconf 67' lang='lat' dir='ltr'><strong>erarius</strong></span> <span class='ocrx_word' id='word_1_3' title='bbox 869 279 924 320; x_wconf 85' lang='lat'><strong>.·</strong></span> 
     </span>
    </p>
   </div>
   <div class='ocr_carea' id='block_1_2' title="bbox 201 438 981 532">
    <p class='ocr_par' dir='ltr' id='par_1_2' title="bbox 201 438 981 532">
     <span class='ocr_line' id='line_1_2' title="bbox 201 438 981 532; baseline 0.003 -19"><span class='ocrx_word' id='word_1_4' title='bbox 201 438 518 516; x_wconf 75' lang='lat' dir='ltr'><strong>sueino</strong></span> <span class='ocrx_word' id='word_1_5' title='bbox 571 439 889 515; x_wconf 78' lang='lat' dir='ltr'><strong>cuneus</strong></span> <span class='ocrx_word' id='word_1_6' title='bbox 972 515 981 532; x_wconf 75' lang='grc'>,</span> 
     </span>
    </p>
   </div>
   <div class='ocr_carea' id='block_1_3' title="bbox 174 578 924 681">
    <p class='ocr_par' dir='ltr' id='par_1_3' title="bbox 174 578 924 681">
     <span class='ocr_line' id='line_1_3' title="bbox 174 578 924 681; baseline 0.005 -5"><span class='ocrx_word' id='word_1_7' title='bbox 174 629 224 676; x_wconf 78' lang='grc' dir='ltr'><strong>ΙΝ</strong></span> <span class='ocrx_word' id='word_1_8' title='bbox 247 628 464 681; x_wconf 77' lang='lat' dir='ltr'>ARTIFICIS</span> <span class='ocrx_word' id='word_1_9' title='bbox 488 578 695 677; x_wconf 61' lang='lat' dir='ltr'><strong>osricum</strong></span> <span class='ocrx_word' id='word_1_10' title='bbox 717 629 924 680; x_wconf 76' lang='lat' dir='ltr'><strong>YBNALIS·</strong></span> 
     </span>
    </p>
   </div>
   <div class='ocr_carea' id='block_1_4' title="bbox 78 716 941 865">
    <p class='ocr_par' dir='ltr' id='par_1_4' title="bbox 78 716 941 865">
     <span class='ocr_line' id='line_1_4' title="bbox 78 716 941 865; baseline -0.001 -30"><span class='ocrx_word' id='word_1_11' title='bbox 78 716 156 835; x_wconf 78' lang='lat' dir='ltr'><strong>Cu</strong></span> <span class='ocrx_word' id='word_1_12' title='bbox 165 789 273 833; x_wconf 77' lang='lat' dir='ltr'><strong>neos</strong></span> <span class='ocrx_word' id='word_1_13' title='bbox 284 733 444 836; x_wconf 76' lang='lat' dir='ltr'><strong>¹Artificis</strong></span> <span class='ocrx_word' id='word_1_14' title='bbox 461 767 632 865; x_wconf 86' lang='lat' dir='ltr'><strong>prestabat</strong></span> <span class='ocrx_word' id='word_1_15' title='bbox 646 764 686 832; x_wconf 91' lang='lat' dir='ltr'><strong>in</strong></span> <span class='ocrx_word' id='word_1_16' title='bbox 702 766 771 832; x_wconf 81' lang='lat' dir='ltr'><strong>sede</strong></span> <span class='ocrx_word' id='word_1_17' title='bbox 784 765 941 862; x_wconf 83' lang='lat' dir='ltr'><strong>Cupido,&#39;</strong></span> 
     </span>
    </p>
   </div>
   <div class='ocr_carea' id='block_1_5' title="bbox 1 855 1133 2930">
    <p class='ocr_par' dir='ltr' id='par_1_5' title="bbox 3 855 1090 1954">
     <span class='ocr_line' id='line_1_5' title="bbox 78 855 874 948; baseline 0.005 -28"><span class='ocrx_word' id='word_1_18' title='bbox 78 855 144 920; x_wconf 84' lang='lat' dir='ltr'><strong>cui</strong></span> <span class='ocrx_word' id='word_1_19' title='bbox 158 856 271 923; x_wconf 86' lang='lat' dir='ltr'><strong>deerat</strong></span> <span class='ocrx_word' id='word_1_20' title='bbox 283 883 349 943; x_wconf 84' lang='lat' dir='ltr'><strong>vox</strong></span> <span class='ocrx_word' id='word_1_21' title='bbox 365 883 455 948; x_wconf 80' lang='lat' dir='ltr'><strong>una5</strong></span> <span class='ocrx_word' id='word_1_22' title='bbox 469 859 573 924; x_wconf 88' lang='lat' dir='ltr'><strong>rubro</strong></span> <span class='ocrx_word' id='word_1_23' title='bbox 589 857 781 925; x_wconf 86' lang='lat' dir='ltr'><strong>circumlita</strong></span> <span class='ocrx_word' id='word_1_24' title='bbox 793 857 874 924; x_wconf 78' lang='lat' dir='ltr'><strong>fuco</strong></span> 
     </span>
     <span class='ocr_line' id='line_1_6' title="bbox 76 945 878 1049; baseline 0.001 -37"><span class='ocrx_word' id='word_1_25' title='bbox 76 945 146 1012; x_wconf 88' lang='lat' dir='ltr'><strong>Ora</strong></span> <span class='ocrx_word' id='word_1_26' title='bbox 162 947 302 1036; x_wconf 74' lang='lat' dir='ltr'><strong>nitent,</strong></span> <span class='ocrx_word' id='word_1_27' title='bbox 319 949 398 1018; x_wconf 68' lang='lat' dir='ltr'><strong>ilai</strong></span> <span class='ocrx_word' id='word_1_28' title='bbox 409 949 551 1017; x_wconf 82' lang='lat' dir='ltr'><strong>volitant</strong></span> <span class='ocrx_word' id='word_1_29' title='bbox 564 972 624 1039; x_wconf 85' lang='lat' dir='ltr'><strong>per</strong></span> <span class='ocrx_word' id='word_1_30' title='bbox 640 947 725 1014; x_wconf 90' lang='lat' dir='ltr'><strong>colla</strong></span> <span class='ocrx_word' id='word_1_31' title='bbox 744 947 878 1049; x_wconf 87' lang='lat' dir='ltr'><strong>capilli,</strong></span> 
     </span>
     <span class='ocr_line' id='line_1_7' title="bbox 76 1036 1090 1142; baseline 0.006 -42"><span class='ocrx_word' id='word_1_32' title='bbox 76 1036 146 1124; x_wconf 84' lang='lat' dir='ltr'><strong>Et,</strong></span> <span class='ocrx_word' id='word_1_33' title='bbox 164 1037 225 1127; x_wconf 90' lang='lat' dir='ltr'><strong>qui</strong></span> <span class='ocrx_word' id='word_1_34' title='bbox 241 1037 433 1106; x_wconf 82' lang='lat' dir='ltr'>luminibus</span> <span class='ocrx_word' id='word_1_35' title='bbox 449 1037 557 1142; x_wconf 79' lang='lat' dir='ltr'><strong>fulget</strong></span> <span class='ocrx_word' id='word_1_36' title='bbox 572 1037 712 1142; x_wconf 84' lang='lat' dir='ltr'><strong>,probat</strong></span> <span class='ocrx_word' id='word_1_37' title='bbox 727 1036 817 1129; x_wconf 84' lang='lat' dir='ltr'><strong>igms</strong></span> <span class='ocrx_word' id='word_1_38' title='bbox 832 1041 1015 1106; x_wconf 77' lang='lat' dir='ltr'><strong>Amorem.¹</strong></span> <span class='ocrx_word' id='word_1_39' title='bbox 1087 1083 1090 1088; x_wconf 93' lang='lat'><em>-</em></span> 
     </span>
     <span class='ocr_line' id='line_1_8' title="bbox 76 1125 830 1219; baseline 0.004 -30"><span class='ocrx_word' id='word_1_40' title='bbox 76 1125 184 1191; x_wconf 90' lang='lat' dir='ltr'><strong>Illum</strong></span> <span class='ocrx_word' id='word_1_41' title='bbox 195 1127 377 1219; x_wconf 85' lang='lat' dir='ltr'><strong>respiciens</strong></span> <span class='ocrx_word' id='word_1_42' title='bbox 385 1125 678 1197; x_wconf 78' lang='lat' dir='ltr'><strong>Amoimvidrsset</strong></span> <span class='ocrx_word' id='word_1_43' title='bbox 687 1126 830 1218; x_wconf 86' lang='lat' dir='ltr'><strong>Amori,</strong></span> 
     </span>
     <span class='ocr_line' id='line_1_9' title="bbox 76 1201 786 1307; baseline 0.004 -27"><span class='ocrx_word' id='word_1_44' title='bbox 76 1216 297 1307; x_wconf 88' lang='lat' dir='ltr'><strong>Mentitoque</strong></span> <span class='ocrx_word' id='word_1_45' title='bbox 306 1220 427 1286; x_wconf 84' lang='lat' dir='ltr'><strong>Venus</strong></span> <span class='ocrx_word' id='word_1_46' title='bbox 440 1201 574 1286; x_wconf 67' lang='lat' dir='ltr'><strong>Iliasset</strong></span> <span class='ocrx_word' id='word_1_47' title='bbox 582 1219 674 1285; x_wconf 84' lang='lat' dir='ltr'><strong>basia</strong></span> <span class='ocrx_word' id='word_1_48' title='bbox 682 1234 763 1285; x_wconf 89' lang='lat' dir='ltr'><strong>nato</strong></span> <span class='ocrx_word' id='word_1_49' title='bbox 775 1243 786 1283; x_wconf 71' lang='lat' dir='ltr'><strong>a</strong></span> 
     </span>
     <span class='ocr_line' id='line_1_10' title="bbox 75 1304 1002 1401; baseline 0.01 -31"><span class='ocrx_word' id='word_1_50' title='bbox 75 1304 167 1371; x_wconf 84' lang='lat' dir='ltr'><strong>Tam</strong></span> <span class='ocrx_word' id='word_1_51' title='bbox 183 1307 285 1374; x_wconf 87' lang='lat' dir='ltr'><strong>solers</strong></span> <span class='ocrx_word' id='word_1_52' title='bbox 298 1324 367 1375; x_wconf 88' lang='lat' dir='ltr'><strong>erat</strong></span> <span class='ocrx_word' id='word_1_53' title='bbox 379 1310 438 1376; x_wconf 85' lang='lat' dir='ltr'><strong>illa</strong></span> <span class='ocrx_word' id='word_1_54' title='bbox 450 1333 595 1396; x_wconf 85' lang='lat' dir='ltr'><strong>manus,</strong></span> <span class='ocrx_word' id='word_1_55' title='bbox 610 1333 686 1401; x_wconf 83' lang='lat' dir='ltr'><strong>quae</strong></span> <span class='ocrx_word' id='word_1_56' title='bbox 699 1306 821 1374; x_wconf 86' lang='lat' dir='ltr'><strong>frontis</strong></span> <span class='ocrx_word' id='word_1_57' title='bbox 834 1308 1002 1400; x_wconf 83' lang='lat' dir='ltr'><strong>honores,</strong></span> 
     </span>
     <span class='ocr_line' id='line_1_11' title="bbox 74 1394 847 1481; baseline 0.005 -21"><span class='ocrx_word' id='word_1_58' title='bbox 74 1394 164 1481; x_wconf 76' lang='lat' dir='ltr'><strong>Quae</strong></span> <span class='ocrx_word' id='word_1_59' title='bbox 177 1397 294 1464; x_wconf 91' lang='lat' dir='ltr'><strong>molles</strong></span> <span class='ocrx_word' id='word_1_60' title='bbox 311 1399 427 1467; x_wconf 87' lang='lat' dir='ltr'><strong>oculos</strong></span> <span class='ocrx_word' id='word_1_61' title='bbox 445 1417 477 1466; x_wconf 88' lang='lat' dir='ltr'><strong>et</strong></span> <span class='ocrx_word' id='word_1_62' title='bbox 493 1399 607 1469; x_wconf 74' lang='lat' dir='ltr'><strong>vivida</strong></span> <span class='ocrx_word' id='word_1_63' title='bbox 622 1397 764 1464; x_wconf 83' lang='lat' dir='ltr'><strong>finxerat</strong></span> <span class='ocrx_word' id='word_1_64' title='bbox 777 1421 847 1464; x_wconf 88' lang='lat' dir='ltr'><strong>ora.</strong></span> 
     </span>
     <span class='ocr_line' id='line_1_12' title="bbox 74 1478 914 1590; baseline 0.008 -41"><span class='ocrx_word' id='word_1_65' title='bbox 74 1487 123 1550; x_wconf 87' lang='lat' dir='ltr'><strong>At</strong></span> <span class='ocrx_word' id='word_1_66' title='bbox 134 1511 239 1553; x_wconf 89' lang='lat' dir='ltr'><strong>nemo</strong></span> <span class='ocrx_word' id='word_1_67' title='bbox 253 1535 264 1575; x_wconf 86' lang='lat'>,</span> <span class='ocrx_word' id='word_1_68' title='bbox 277 1513 329 1554; x_wconf 91' lang='lat' dir='ltr'><strong>res</strong></span> <span class='ocrx_word' id='word_1_69' title='bbox 342 1490 449 1578; x_wconf 85' lang='lat' dir='ltr'><strong>mira,</strong></span> <span class='ocrx_word' id='word_1_70' title='bbox 467 1489 534 1557; x_wconf 81' lang='lat' dir='ltr'><strong>fuit</strong></span> <span class='ocrx_word' id='word_1_71' title='bbox 545 1537 560 1578; x_wconf 78' lang='lat'><strong>‚.</strong></span> <span class='ocrx_word' id='word_1_72' title='bbox 570 1489 634 1584; x_wconf 86' lang='lat' dir='ltr'><strong>qui</strong></span> <span class='ocrx_word' id='word_1_73' title='bbox 641 1478 782 1583; x_wconf 83' lang='lat' dir='ltr'><strong>pignore</strong></span> <span class='ocrx_word' id='word_1_74' title='bbox 794 1489 914 1590; x_wconf 72' lang='lat' dir='ltr'><strong>quovis</strong></span> 
     </span>
     <span class='ocr_line' id='line_1_13' title="bbox 73 1577 1009 1676; baseline 0.003 -36"><span class='ocrx_word' id='word_1_75' title='bbox 73 1577 148 1641; x_wconf 87' lang='lat' dir='ltr'><strong>Aut</strong></span> <span class='ocrx_word' id='word_1_76' title='bbox 161 1594 285 1644; x_wconf 88' lang='lat' dir='ltr'><strong>erneret</strong></span> <span class='ocrx_word' id='word_1_77' title='bbox 295 1625 306 1666; x_wconf 81' lang='lat'>,</span> <span class='ocrx_word' id='word_1_78' title='bbox 318 1604 506 1670; x_wconf 82' lang='lat' dir='ltr'><strong>puerumve</strong></span> <span class='ocrx_word' id='word_1_79' title='bbox 515 1579 610 1645; x_wconf 86' lang='lat' dir='ltr'><strong>domi</strong></span> <span class='ocrx_word' id='word_1_80' title='bbox 621 1593 789 1670; x_wconf 85' lang='lat' dir='ltr'><strong>pateretur</strong></span> <span class='ocrx_word' id='word_1_81' title='bbox 800 1593 1009 1676; x_wconf 76' lang='lat' dir='ltr'><strong>inemptum.</strong></span> 
     </span>
     <span class='ocr_line' id='line_1_14' title="bbox 73 1665 893 1762; baseline 0 -28"><span class='ocrx_word' id='word_1_82' title='bbox 73 1665 210 1734; x_wconf 82' lang='lat' dir='ltr'><strong>Scilicet</strong></span> <span class='ocrx_word' id='word_1_83' title='bbox 222 1693 263 1734; x_wconf 83' lang='lat' dir='ltr'><strong>ex</strong></span> <span class='ocrx_word' id='word_1_84' title='bbox 278 1667 455 1758; x_wconf 86' lang='lat' dir='ltr'><strong>humeris,</strong></span> <span class='ocrx_word' id='word_1_85' title='bbox 475 1667 633 1762; x_wconf 86' lang='lat' dir='ltr'><strong>quamvis</strong></span> <span class='ocrx_word' id='word_1_86' title='bbox 646 1667 790 1734; x_wconf 87' lang='lat' dir='ltr'><strong>innoxia</strong></span> <span class='ocrx_word' id='word_1_87' title='bbox 803 1665 893 1755; x_wconf 82' lang='lat' dir='ltr'><strong>tela,</strong></span> 
     </span>
     <span class='ocr_line' id='line_1_15' title="bbox 3 1755 1003 1851; baseline 0.002 -31"><span class='ocrx_word' id='word_1_88' title='bbox 3 1771 5 1778; x_wconf 80' lang='grc'>’</span> <span class='ocrx_word' id='word_1_89' title='bbox 71 1755 158 1822; x_wconf 88' lang='lat' dir='ltr'><strong>Tela</strong></span> <span class='ocrx_word' id='word_1_90' title='bbox 175 1773 315 1848; x_wconf 76' lang='lat' dir='ltr'><strong>tarsen,</strong></span> <span class='ocrx_word' id='word_1_91' title='bbox 328 1758 511 1851; x_wconf 70' lang='lat' dir='ltr'><strong>dextrique</strong></span> <span class='ocrx_word' id='word_1_92' title='bbox 525 1760 614 1826; x_wconf 83' lang='lat' dir='ltr'><strong>faces</strong></span> <span class='ocrx_word' id='word_1_93' title='bbox 627 1804 638 1846; x_wconf 84' lang='lat'>,</span> <span class='ocrx_word' id='word_1_94' title='bbox 662 1782 848 1848; x_wconf 90' lang='lat' dir='ltr'><strong>arcumque</strong></span> <span class='ocrx_word' id='word_1_95' title='bbox 864 1756 1003 1824; x_wconf 61' lang='lat' dir='ltr'><strong>sinistri</strong></span> 
     </span>
     <span class='ocr_line' id='line_1_16' title="bbox 72 1844 853 1954; baseline 0.004 -43"><span class='ocrx_word' id='word_1_96' title='bbox 72 1844 164 1913; x_wconf 87' lang='lat' dir='ltr'><strong>Cum</strong></span> <span class='ocrx_word' id='word_1_97' title='bbox 174 1865 324 1954; x_wconf 69' lang='lat' dir='ltr'><strong>gereret,</strong></span> <span class='ocrx_word' id='word_1_98' title='bbox 342 1850 452 1941; x_wconf 86' lang='lat' dir='ltr'><strong>potuit</strong></span> <span class='ocrx_word' id='word_1_99' title='bbox 466 1849 517 1916; x_wconf 87' lang='lat' dir='ltr'><strong>vel</strong></span> <span class='ocrx_word' id='word_1_100' title='bbox 533 1870 646 1915; x_wconf 90' lang='lat' dir='ltr'><strong>cereus</strong></span> <span class='ocrx_word' id='word_1_101' title='bbox 655 1847 712 1914; x_wconf 91' lang='lat' dir='ltr'><strong>ille</strong></span> <span class='ocrx_word' id='word_1_102' title='bbox 728 1848 853 1914; x_wconf 82' lang='lat' dir='ltr'><strong>timeri.</strong></span> 
     </span>
    </p>

    <p class='ocr_par' dir='ltr' id='par_1_6' title="bbox 1 1936 1133 2930">
     <span class='ocr_line' id='line_1_17' title="bbox 116 1936 892 2030; baseline 0 -29"><span class='ocrx_word' id='word_1_103' title='bbox 116 1936 237 2027; x_wconf 70' lang='lat' dir='ltr'><strong>Hujus</strong></span> <span class='ocrx_word' id='word_1_104' title='bbox 255 1939 298 2004; x_wconf 90' lang='lat' dir='ltr'><strong>ad</strong></span> <span class='ocrx_word' id='word_1_105' title='bbox 310 1955 486 2030; x_wconf 88' lang='lat' dir='ltr'><strong>aspectum</strong></span> <span class='ocrx_word' id='word_1_106' title='bbox 500 1939 638 2030; x_wconf 86' lang='lat' dir='ltr'><strong>reliquis</strong></span> <span class='ocrx_word' id='word_1_107' title='bbox 649 1937 825 2025; x_wconf 82' lang='lat' dir='ltr'><strong>audacior,</strong></span> <span class='ocrx_word' id='word_1_108' title='bbox 840 1937 892 2012; x_wconf 87' lang='lat' dir='ltr'><strong>ira</strong></span> 
     </span>
     <span class='ocr_line' id='line_1_18' title="bbox 1 2025 1073 2119; baseline 0.002 -27"><span class='ocrx_word' id='word_1_109' title='bbox 1 2033 2 2040; x_wconf 75' lang='grc'>’</span> <span class='ocrx_word' id='word_1_110' title='bbox 73 2026 214 2092; x_wconf 81' lang='lat' dir='ltr'>Fecerat</span> <span class='ocrx_word' id='word_1_111' title='bbox 226 2027 412 2117; x_wconf 80' lang='lat' dir='ltr'><strong>audacem3</strong></span> <span class='ocrx_word' id='word_1_112' title='bbox 434 2027 589 2116; x_wconf 67' lang='lat' dir='ltr'><strong>artifici,</strong></span> <span class='ocrx_word' id='word_1_113' title='bbox 603 2028 938 2117; x_wconf 74' lang='lat' dir='ltr'><strong>nummum&#39;accipe‚</strong></span> <span class='ocrx_word' id='word_1_114' title='bbox 956 2025 1028 2094; x_wconf 81' lang='lat' dir='ltr'><strong>dixi</strong></span> <span class='ocrx_word' id='word_1_115' title='bbox 1035 2051 1053 2119; x_wconf 76' lang='lat'>3</span> <span class='ocrx_word' id='word_1_116' title='bbox 1070 2029 1073 2034; x_wconf 74' lang='grc'><strong>’</strong></span> 
     </span>
     <span class='ocr_line' id='line_1_19' title="bbox 71 2117 1126 2206; baseline 0.001 -24"><span class='ocrx_word' id='word_1_117' title='bbox 71 2119 133 2190; x_wconf 84' lang='lat' dir='ltr'><strong>An</strong></span> <span class='ocrx_word' id='word_1_118' title='bbox 141 2141 241 2183; x_wconf 89' lang='lat' dir='ltr'><strong>meus</strong></span> <span class='ocrx_word' id='word_1_119' title='bbox 252 2118 322 2183; x_wconf 69' lang='lat' dir='ltr'><strong>esti</strong></span> <span class='ocrx_word' id='word_1_120' title='bbox 335 2117 409 2184; x_wconf 84' lang='lat' dir='ltr'><strong>risit</strong></span> <span class='ocrx_word' id='word_1_121' title='bbox 422 2165 433 2206; x_wconf 86' lang='lat'>‚</span> <span class='ocrx_word' id='word_1_122' title='bbox 448 2119 538 2185; x_wconf 89' lang='lat' dir='ltr'><strong>nihil</strong></span> <span class='ocrx_word' id='word_1_123' title='bbox 555 2135 587 2185; x_wconf 90' lang='lat' dir='ltr'><strong>et</strong></span> <span class='ocrx_word' id='word_1_124' title='bbox 600 2134 783 2185; x_wconf 84' lang='lat' dir='ltr'><strong>cunctatus</strong></span> <span class='ocrx_word' id='word_1_125' title='bbox 793 2117 921 2183; x_wconf 84' lang='lat' dir='ltr'><strong>ementi</strong></span> <span class='ocrx_word' id='word_1_126' title='bbox 972 2153 976 2160; x_wconf 91' lang='lat'><em>·</em></span> <span class='ocrx_word' id='word_1_127' title='bbox 1124 2122 1126 2131; x_wconf 58' lang='lat'><strong>⁴</strong></span> 
     </span>
     <span class='ocr_line' id='line_1_20' title="bbox 1 2206 1061 2302; baseline 0.004 -30"><span class='ocrx_word' id='word_1_128' title='bbox 1 2247 2 2258; x_wconf 30' lang='grc' dir='ltr'><strong>κ</strong></span> <span class='ocrx_word' id='word_1_129' title='bbox 70 2206 140 2273; x_wconf 86' lang='lat' dir='ltr'><strong>Dat</strong></span> <span class='ocrx_word' id='word_1_130' title='bbox 154 2232 300 2298; x_wconf 88' lang='lat' dir='ltr'><strong>puerum</strong></span> <span class='ocrx_word' id='word_1_131' title='bbox 316 2232 506 2296; x_wconf 79' lang='lat' dir='ltr'><strong>3nummus</strong></span> <span class='ocrx_word' id='word_1_132' title='bbox 523 2208 855 2302; x_wconf 85' lang='lat' dir='ltr'><strong>pretiumfuitunus</strong></span> <span class='ocrx_word' id='word_1_133' title='bbox 869 2208 1022 2276; x_wconf 83' lang='lat' dir='ltr'><strong>Amoris.</strong></span> <span class='ocrx_word' id='word_1_134' title='bbox 1059 2223 1061 2236; x_wconf 73' lang='lat'>‘</span> 
     </span>
     <span class='ocr_line' id='line_1_21' title="bbox 72 2295 978 2390; baseline 0.002 -28"><span class='ocrx_word' id='word_1_135' title='bbox 72 2295 178 2362; x_wconf 84' lang='lat' dir='ltr'><strong>Tunc</strong></span> <span class='ocrx_word' id='word_1_136' title='bbox 196 2297 257 2389; x_wconf 84' lang='lat' dir='ltr'><strong>ego</strong></span> <span class='ocrx_word' id='word_1_137' title='bbox 272 2322 359 2366; x_wconf 81' lang='lat' dir='ltr'><strong>saeva</strong></span> <span class='ocrx_word' id='word_1_138' title='bbox 373 2324 505 2367; x_wconf 90' lang='lat' dir='ltr'><strong>mernor</strong></span> <span class='ocrx_word' id='word_1_139' title='bbox 513 2317 628 2364; x_wconf 87' lang='lat' dir='ltr'><strong>tenero</strong></span> <span class='ocrx_word' id='word_1_140' title='bbox 642 2324 718 2390; x_wconf 81' lang='lat' dir='ltr'><strong>quae</strong></span> <span class='ocrx_word' id='word_1_141' title='bbox 731 2299 874 2367; x_wconf 80' lang='lat' dir='ltr'><strong>vulnera</strong></span> <span class='ocrx_word' id='word_1_142' title='bbox 883 2299 978 2364; x_wconf 89' lang='lat' dir='ltr'><strong>cordi</strong></span> 
     </span>
     <span class='ocr_line' id='line_1_22' title="bbox 72 2387 986 2481; baseline 0.002 -29"><span class='ocrx_word' id='word_1_143' title='bbox 72 2387 231 2474; x_wconf 82' lang='lat' dir='ltr'>Fecerat,</span> <span class='ocrx_word' id='word_1_144' title='bbox 246 2387 418 2474; x_wconf 87' lang='lat' dir='ltr'><strong>imedias‚</strong></span> <span class='ocrx_word' id='word_1_145' title='bbox 436 2388 526 2476; x_wconf 84' lang='lat' dir='ltr'><strong>dixi,</strong></span> <span class='ocrx_word' id='word_1_146' title='bbox 542 2389 631 2453; x_wconf 91' lang='lat' dir='ltr'><strong>Puer</strong></span> <span class='ocrx_word' id='word_1_147' title='bbox 642 2387 813 2481; x_wconf 86' lang='lat' dir='ltr'><strong>improbe,</strong></span> <span class='ocrx_word' id='word_1_148' title='bbox 829 2388 986 2454; x_wconf 87' lang='lat' dir='ltr'><strong>flammas</strong></span> 
     </span>
     <span class='ocr_line' id='line_1_23' title="bbox 1 2475 860 2569; baseline -0.002 -27"><span class='ocrx_word' id='word_1_149' title='bbox 1 2494 2 2502; x_wconf 77' lang='grc'>’</span> <span class='ocrx_word' id='word_1_150' title='bbox 71 2478 273 2569; x_wconf 81' lang='lat' dir='ltr'><strong>Experiare3</strong></span> <span class='ocrx_word' id='word_1_151' title='bbox 292 2477 387 2544; x_wconf 87' lang='lat' dir='ltr'><strong>decet</strong></span> <span class='ocrx_word' id='word_1_152' title='bbox 400 2493 432 2542; x_wconf 89' lang='lat' dir='ltr'><strong>te</strong></span> <span class='ocrx_word' id='word_1_153' title='bbox 449 2501 545 2544; x_wconf 89' lang='lat' dir='ltr'><strong>nunc</strong></span> <span class='ocrx_word' id='word_1_154' title='bbox 562 2475 675 2542; x_wconf 89' lang='lat' dir='ltr'><strong>ardere</strong></span> <span class='ocrx_word' id='word_1_155' title='bbox 687 2475 860 2562; x_wconf 83' lang='lat' dir='ltr'><strong>vicissim,</strong></span> 
     </span>
     <span class='ocr_line' id='line_1_24' title="bbox 1 2563 984 2668; baseline -0.001 -33"><span class='ocrx_word' id='word_1_156' title='bbox 1 2632 2 2635; x_wconf 74' lang='grc'>,</span> <span class='ocrx_word' id='word_1_157' title='bbox 70 2567 134 2632; x_wconf 88' lang='lat' dir='ltr'><strong>Per</strong></span> <span class='ocrx_word' id='word_1_158' title='bbox 147 2593 253 2668; x_wconf 74' lang='lat' dir='ltr'><strong>quern</strong></span> <span class='ocrx_word' id='word_1_159' title='bbox 265 2569 336 2659; x_wconf 88' lang='lat' dir='ltr'><strong>ipse</strong></span> <span class='ocrx_word' id='word_1_160' title='bbox 350 2567 548 2658; x_wconf 86' lang='lat' dir='ltr'><strong>imprudens</strong></span> <span class='ocrx_word' id='word_1_161' title='bbox 560 2563 741 2632; x_wconf 81' lang='lat' dir='ltr'><strong>malesanis</strong></span> <span class='ocrx_word' id='word_1_162' title='bbox 751 2564 890 2656; x_wconf 84' lang='lat' dir='ltr'><strong>ignibus</strong></span> <span class='ocrx_word' id='word_1_163' title='bbox 902 2564 984 2634; x_wconf 68' lang='lat' dir='ltr'><strong>arsi..</strong></span> 
     </span>
     <span class='ocr_line' id='line_1_25' title="bbox 70 2654 919 2760; baseline -0.002 -38"><span class='ocrx_word' id='word_1_164' title='bbox 70 2657 106 2732; x_wconf 89' lang='lat' dir='ltr'>N</span> <span class='ocrx_word' id='word_1_165' title='bbox 107 2683 146 2724; x_wconf 87' lang='lat' dir='ltr'><strong>ee</strong></span> <span class='ocrx_word' id='word_1_166' title='bbox 156 2683 253 2724; x_wconf 89' lang='lat' dir='ltr'><strong>mora</strong></span> <span class='ocrx_word' id='word_1_167' title='bbox 263 2657 441 2760; x_wconf 76' lang='lat' dir='ltr'><strong>projicitur</strong></span> <span class='ocrx_word' id='word_1_168' title='bbox 454 2657 587 2752; x_wconf 80' lang='lat' dir='ltr'><strong>rapidos</strong></span> <span class='ocrx_word' id='word_1_169' title='bbox 601 2679 738 2724; x_wconf 88' lang='lat' dir='ltr'><strong>arsurus</strong></span> <span class='ocrx_word' id='word_1_170' title='bbox 747 2654 786 2718; x_wconf 90' lang='lat' dir='ltr'><strong>in</strong></span> <span class='ocrx_word' id='word_1_171' title='bbox 796 2656 892 2748; x_wconf 84' lang='lat' dir='ltr'><strong>ignes</strong></span> <span class='ocrx_word' id='word_1_172' title='bbox 905 2679 919 2743; x_wconf 71' lang='lat'><strong>3¹</strong></span> 
     </span>
     <span class='ocr_line' id='line_1_26' title="bbox 71 2744 998 2838; baseline -0.003 -26"><span class='ocrx_word' id='word_1_173' title='bbox 71 2747 253 2838; x_wconf 79' lang='lat' dir='ltr'><strong>Liquitur3</strong></span> <span class='ocrx_word' id='word_1_174' title='bbox 268 2748 324 2812; x_wconf 75' lang='lat' dir='ltr'><strong>ille</strong></span> <span class='ocrx_word' id='word_1_175' title='bbox 337 2763 454 2814; x_wconf 86' lang='lat' dir='ltr'><strong>tamen</strong></span> <span class='ocrx_word' id='word_1_176' title='bbox 467 2772 505 2814; x_wconf 91' lang='lat' dir='ltr'><strong>su</strong></span> <span class='ocrx_word' id='word_1_177' title='bbox 533 2772 603 2813; x_wconf 88' lang='lat' dir='ltr'><strong>eras</strong></span> <span class='ocrx_word' id='word_1_178' title='bbox 620 2745 644 2812; x_wconf 92' lang='lat' dir='ltr'><strong>li</strong></span> <span class='ocrx_word' id='word_1_179' title='bbox 670 2744 824 2812; x_wconf 82' lang='lat' dir='ltr'><strong>uefactus</strong></span> <span class='ocrx_word' id='word_1_180' title='bbox 840 2746 879 2810; x_wconf 89' lang='lat' dir='ltr'><strong>in</strong></span> <span class='ocrx_word' id='word_1_181' title='bbox 896 2768 998 2816; x_wconf 72' lang='lat' dir='ltr'><strong>auras</strong></span> 
     </span>
     <span class='ocr_line' id='line_1_27' title="bbox 71 2771 1133 2930; baseline -0.002 -27"><span class='ocrx_word' id='word_1_182' title='bbox 71 2837 176 2930; x_wconf 83' lang='lat' dir='ltr'><strong>Fugit</strong></span> <span class='ocrx_word' id='word_1_183' title='bbox 188 2837 301 2904; x_wconf 88' lang='lat' dir='ltr'><strong>adhuc</strong></span> <span class='ocrx_word' id='word_1_184' title='bbox 314 2837 412 2916; x_wconf 79' lang='lat' dir='ltr'><strong>fumo</strong></span> <span class='ocrx_word' id='word_1_185' title='bbox 424 2773 566 2928; x_wconf 65' lang='lat' dir='ltr'><strong>simiis,</strong></span> <span class='ocrx_word' id='word_1_186' title='bbox 584 2771 772 2928; x_wconf 49' lang='lat' dir='ltr'><strong>simiisque</strong></span> <span class='ocrx_word' id='word_1_187' title='bbox 788 2835 916 2927; x_wconf 82' lang='lat' dir='ltr'><strong>vapori.</strong></span> <span class='ocrx_word' id='word_1_188' title='bbox 980 2876 985 2884; x_wconf 89' lang='lat'>·</span> <span class='ocrx_word' id='word_1_189' title='bbox 1077 2901 1085 2918; x_wconf 70' lang='lat'>‚</span> <span class='ocrx_word' id='word_1_190' title='bbox 1130 2845 1133 2854; x_wconf 79' lang='grc'><em>“</em></span> 
     </span>
    </p>
   </div>
   <div class='ocr_carea' id='block_1_6' title="bbox 121 3015 953 3137">
    <p class='ocr_par' dir='ltr' id='par_1_7' title="bbox 121 3015 953 3137">
     <span class='ocr_line' id='line_1_28' title="bbox 121 3015 953 3137; baseline 0 -47"><span class='ocrx_word' id='word_1_191' title='bbox 121 3019 390 3137; x_wconf 69' lang='lat' dir='ltr'><strong>soLEnTIs</strong></span> <span class='ocrx_word' id='word_1_192' title='bbox 415 3015 635 3099; x_wconf 83' lang='lat' dir='ltr'><strong>INGENII</strong></span> <span class='ocrx_word' id='word_1_193' title='bbox 658 3016 953 3124; x_wconf 85' lang='lat' dir='ltr'><strong>SPECIMEN.</strong></span> 
     </span>
    </p>
   </div>
   <div class='ocr_carea' id='block_1_7' title="bbox 1 3131 962 3826">
    <p class='ocr_par' dir='ltr' id='par_1_8' title="bbox 71 3131 945 3276">
     <span class='ocr_line' id='line_1_29' title="bbox 71 3131 945 3276; baseline 0 -28"><span class='ocrx_word' id='word_1_194' title='bbox 71 3131 199 3248; x_wconf 72' lang='lat' dir='ltr'><strong>Duae</strong></span> <span class='ocrx_word' id='word_1_195' title='bbox 208 3173 310 3248; x_wconf 62' lang='lat' dir='ltr'><strong>&#39;celsae</strong></span> <span class='ocrx_word' id='word_1_196' title='bbox 327 3173 472 3274; x_wconf 70' lang='lat' dir='ltr'><strong>AEsopus</strong></span> <span class='ocrx_word' id='word_1_197' title='bbox 481 3182 601 3276; x_wconf 86' lang='lat' dir='ltr'><strong>pandit</strong></span> <span class='ocrx_word' id='word_1_198' title='bbox 614 3182 779 3250; x_wconf 87' lang='lat' dir='ltr'><strong>miracula</strong></span> <span class='ocrx_word' id='word_1_199' title='bbox 790 3181 917 3250; x_wconf 88' lang='lat' dir='ltr'><strong>mentis</strong></span> <span class='ocrx_word' id='word_1_200' title='bbox 931 3225 945 3270; x_wconf 82' lang='lat'>,</span> 
     </span>
    </p>

    <p class='ocr_par' dir='ltr' id='par_1_9' title="bbox 71 3272 915 3374">
     <span class='ocr_line' id='line_1_30' title="bbox 71 3272 915 3374; baseline -0.007 -32"><span class='ocrx_word' id='word_1_201' title='bbox 71 3275 116 3342; x_wconf 86' lang='lat' dir='ltr'><strong>Et</strong></span> <span class='ocrx_word' id='word_1_202' title='bbox 128 3297 245 3338; x_wconf 86' lang='lat' dir='ltr'><strong>rerum</strong></span> <span class='ocrx_word' id='word_1_203' title='bbox 256 3273 411 3364; x_wconf 87' lang='lat' dir='ltr'><strong>ambages</strong></span> <span class='ocrx_word' id='word_1_204' title='bbox 420 3273 545 3374; x_wconf 93' lang='lat' dir='ltr'><strong>populo</strong></span> <span class='ocrx_word' id='word_1_205' title='bbox 553 3273 735 3365; x_wconf 85' lang='lat' dir='ltr'><strong>plaudente</strong></span> <span class='ocrx_word' id='word_1_206' title='bbox 745 3272 899 3370; x_wconf 56' lang='lat' dir='ltr'><strong>resolvit²</strong></span> <span class='ocrx_word' id='word_1_207' title='bbox 913 3341 915 3356; x_wconf 42' lang='grc' dir='ltr'>Ι</span> 
     </span>
    </p>

    <p class='ocr_par' dir='ltr' id='par_1_10' title="bbox 72 3361 877 3456">
     <span class='ocr_line' id='line_1_31' title="bbox 72 3361 877 3456; baseline -0.005 -26"><span class='ocrx_word' id='word_1_208' title='bbox 72 3366 161 3442; x_wconf 80' lang='lat' dir='ltr'><strong>Ecce</strong></span> <span class='ocrx_word' id='word_1_209' title='bbox 176 3361 298 3456; x_wconf 85' lang='lat' dir='ltr'><strong>aliquis</strong></span> <span class='ocrx_word' id='word_1_210' title='bbox 315 3375 408 3452; x_wconf 86' lang='lat' dir='ltr'><strong>parat</strong></span> <span class='ocrx_word' id='word_1_211' title='bbox 421 3362 601 3452; x_wconf 78' lang='lat' dir='ltr'><strong>ingenium</strong></span> <span class='ocrx_word' id='word_1_212' title='bbox 615 3363 736 3428; x_wconf 84' lang='lat' dir='ltr'><strong>subtile</strong></span> <span class='ocrx_word' id='word_1_213' title='bbox 754 3361 877 3426; x_wconf 87' lang='lat' dir='ltr'><strong>dolosis</strong></span> 
     </span>
    </p>

    <p class='ocr_par' dir='ltr' id='par_1_11' title="bbox 1 3449 953 3630">
     <span class='ocr_line' id='line_1_32' title="bbox 1 3449 946 3543; baseline -0.005 -26"><span class='ocrx_word' id='word_1_214' title='bbox 1 3529 2 3532; x_wconf 7' lang='grc' dir='ltr'><strong>Ἴ</strong></span> <span class='ocrx_word' id='word_1_215' title='bbox 73 3453 255 3543; x_wconf 84' lang='lat' dir='ltr'><strong>Explorare</strong></span> <span class='ocrx_word' id='word_1_216' title='bbox 268 3449 379 3516; x_wconf 90' lang='lat' dir='ltr'><strong>modis</strong></span> <span class='ocrx_word' id='word_1_217' title='bbox 392 3476 401 3538; x_wconf 82' lang='lat'><em>3</em></span> <span class='ocrx_word' id='word_1_218' title='bbox 415 3467 468 3537; x_wconf 88' lang='lat' dir='ltr'><strong>et,</strong></span> <span class='ocrx_word' id='word_1_219' title='bbox 508 3477 589 3516; x_wconf 90' lang='lat' dir='ltr'><strong>uem</strong></span> <span class='ocrx_word' id='word_1_220' title='bbox 601 3451 786 3516; x_wconf 89' lang='lat' dir='ltr'><strong>celebrabat</strong></span> <span class='ocrx_word' id='word_1_221' title='bbox 800 3449 946 3538; x_wconf 76' lang='lat' dir='ltr'><strong>ubique·</strong></span> 
     </span>
     <span class='ocr_line' id='line_1_33' title="bbox 72 3477 953 3630; baseline -0.006 -21"><span class='ocrx_word' id='word_1_222' title='bbox 72 3545 182 3609; x_wconf 88' lang='lat' dir='ltr'><strong>Fama</strong></span> <span class='ocrx_word' id='word_1_223' title='bbox 194 3543 329 3629; x_wconf 78' lang='lat' dir='ltr'><strong>virum⁸,</strong></span> <span class='ocrx_word' id='word_1_224' title='bbox 349 3477 675 3630; x_wconf 49' lang='lat' dir='ltr'><strong>levibusleceptum</strong></span> <span class='ocrx_word' id='word_1_225' title='bbox 684 3539 823 3602; x_wconf 87' lang='lat' dir='ltr'><strong>illudere</strong></span> <span class='ocrx_word' id='word_1_226' title='bbox 835 3562 884 3606; x_wconf 86' lang='lat' dir='ltr'><strong>nu</strong></span> <span class='ocrx_word' id='word_1_227' title='bbox 889 3536 953 3626; x_wconf 84' lang='lat' dir='ltr'><strong>gis.</strong></span> 
     </span>
    </p>

    <p class='ocr_par' dir='ltr' id='par_1_12' title="bbox 75 3626 923 3728">
     <span class='ocr_line' id='line_1_34' title="bbox 75 3626 923 3728; baseline -0.009 -29"><span class='ocrx_word' id='word_1_228' title='bbox 75 3635 166 3724; x_wconf 79' lang='lat' dir='ltr'><strong>Ergb</strong></span> <span class='ocrx_word' id='word_1_229' title='bbox 185 3631 269 3698; x_wconf 90' lang='lat' dir='ltr'><strong>duas</strong></span> <span class='ocrx_word' id='word_1_230' title='bbox 281 3631 345 3698; x_wconf 81' lang='lat' dir='ltr'><strong>fert</strong></span> <span class='ocrx_word' id='word_1_231' title='bbox 362 3631 418 3696; x_wconf 85' lang='lat' dir='ltr'><strong>ille</strong></span> <span class='ocrx_word' id='word_1_232' title='bbox 436 3653 551 3716; x_wconf 75' lang='lat' dir='ltr'><strong>rosas,</strong></span> <span class='ocrx_word' id='word_1_233' title='bbox 569 3651 716 3728; x_wconf 85' lang='lat' dir='ltr'><strong>quarum</strong></span> <span class='ocrx_word' id='word_1_234' title='bbox 728 3627 829 3692; x_wconf 89' lang='lat' dir='ltr'><strong>altera</strong></span> <span class='ocrx_word' id='word_1_235' title='bbox 843 3626 923 3692; x_wconf 83' lang='lat' dir='ltr'><strong>felix</strong></span> 
     </span>
    </p>

    <p class='ocr_par' dir='ltr' id='par_1_13' title="bbox 74 3713 962 3826">
     <span class='ocr_line' id='line_1_35' title="bbox 74 3713 962 3826; baseline -0.005 -38"><span class='ocrx_word' id='word_1_236' title='bbox 74 3723 189 3799; x_wconf 76' lang='lat' dir='ltr'><strong>Terrae</strong></span> <span class='ocrx_word' id='word_1_237' title='bbox 205 3723 319 3826; x_wconf 83' lang='lat' dir='ltr'><strong>partus</strong></span> <span class='ocrx_word' id='word_1_238' title='bbox 337 3737 424 3802; x_wconf 86' lang='lat' dir='ltr'><strong>erat,</strong></span> <span class='ocrx_word' id='word_1_239' title='bbox 445 3719 592 3796; x_wconf 83' lang='lat' dir='ltr'><strong>formam</strong></span> <span class='ocrx_word' id='word_1_240' title='bbox 603 3713 706 3785; x_wconf 83' lang='lat' dir='ltr'><strong>altera</strong></span> <span class='ocrx_word' id='word_1_241' title='bbox 714 3717 816 3788; x_wconf 85' lang='lat' dir='ltr'><strong>traxit</strong></span> <span class='ocrx_word' id='word_1_242' title='bbox 827 3718 868 3783; x_wconf 93' lang='lat' dir='ltr'><strong>ab</strong></span> <span class='ocrx_word' id='word_1_243' title='bbox 883 3731 962 3784; x_wconf 86' lang='lat' dir='ltr'><strong>arte.</strong></span> 
     </span>
    </p>
   </div>
   <div class='ocr_carea' id='block_1_8' title="bbox 74 3808 952 3913">
    <p class='ocr_par' dir='ltr' id='par_1_14' title="bbox 74 3808 952 3913">
     <span class='ocr_line' id='line_1_36' title="bbox 74 3808 952 3913; baseline -0.017 -25"><span class='ocrx_word' id='word_1_244' title='bbox 74 3813 139 3890; x_wconf 69' lang='lat' dir='ltr'><strong>Pet</strong></span> <span class='ocrx_word' id='word_1_245' title='bbox 152 3829 290 3913; x_wconf 74' lang='lat' dir='ltr'><strong>utrique</strong></span> <span class='ocrx_word' id='word_1_246' title='bbox 301 3829 417 3887; x_wconf 83' lang='lat' dir='ltr'><strong>tamen</strong></span> <span class='ocrx_word' id='word_1_247' title='bbox 434 3810 535 3886; x_wconf 77' lang='lat' dir='ltr'><strong>decus</strong></span> <span class='ocrx_word' id='word_1_248' title='bbox 548 3825 616 3903; x_wconf 81' lang='lat' dir='ltr'><strong>est,</strong></span> <span class='ocrx_word' id='word_1_249' title='bbox 629 3835 690 3904; x_wconf 88' lang='lat' dir='ltr'><strong>par</strong></span> <span class='ocrx_word' id='word_1_250' title='bbox 702 3808 809 3906; x_wconf 84' lang='lat' dir='ltr'><strong>gratia</strong></span> <span class='ocrx_word' id='word_1_251' title='bbox 820 3808 928 3902; x_wconf 82' lang='lat' dir='ltr'><strong>fulget</strong></span> <span class='ocrx_word' id='word_1_252' title='bbox 935 3827 952 3900; x_wconf 68' lang='grc' dir='ltr'><strong><em>ς</em></strong></span> 
     </span>
    </p>
   </div>
   <div class='ocr_carea' id='block_1_9' title="bbox 0 0 1338 4452">
    <p class='ocr_par' dir='ltr' id='par_1_15' title="bbox 0 0 1338 4452">
     <span class='ocr_line' id='line_1_37' title="bbox 0 0 1338 4452; baseline 0 2"><span class='ocrx_word' id='word_1_253' title='bbox 0 0 1338 4452; x_wconf 95' lang='lat' dir='ltr'><strong> </strong></span> 
     </span>
    </p>
   </div>
  </div>
 </body>
</html>
