2632 4452
46 1969 54 1988 ‘
136 1967 295 2034 Ventum
309 1979 409 2030 erata

134 230 207 328 tw
413 215 787 300 cannruon

177 341 311 417 Scilicet
331 345 519 438 hospitium
538 349 656 440 stygiis
674 351 796 416 emissa
815 337 966 418 cavernis

133 437 252 508 Turba
269 437 386 526 ferox,
407 437 580 502 lemurum
601 464 726 505 manus
746 439 941 542 importuna
957 436 1103 504 tenebat·

133 533 314 620 Namque,
329 551 388 618 per
409 528 559 597 obsc'urae
579 529 765 630 tranquilla
786 530 919 596 silentia
939 528 1070 615 noctis,
1142 535 1145 544 ’

133 617 357 688 Horrendum
373 617 492 682 latrare
507 643 625 704 canes,
643 617 803 709 dirusque
819 619 962 686 leonum

134 710 260 777 Audiri
277 709 345 778 late,
385 708 508 791 lacidas
534 708 666 798 rugitus
687 709 726 772 in
749 703 863 776 auras}

134 802 228 892 Saeps
245 800 349 888 etiam
361 733 540 864 horribiles
554 797 702 864 immani
716 823 851 890 corpore
865 797 977 866 larvae'

134 891 228 956 Luce
243 887 356 982 palam
373 887 451 952 visae
468 886 581 978 nigras
599 912 633 954 se
652 887 775 954 inferre
791 915 850 981 per
867 891 1026 977 umbrasr

134 981 239 1046 Nunc
258 978 397 1069 pedibus
411 975 542 1065 pulsare
559 977 693 1066 solum,
711 1003 807 1044 nunc
826 979 958 1046 mittere
976 1003 1082 1065 saxa,

133 1069 239 1136 Nunc
259 1082 404 1134 mortem
426 1067 541 1132 stricto
567 1068 780 1134 venientibus
803 1091 881 1136 ense
902 1069 1040 1136 minari.

136 1161 223 1225 Mox
246 1155 349 1223 etiam
374 1154 518 1248 cythard
537 1156 657 1222 festam
672 1157 843 1224 indicente
860 1161 1017 1226 choream

136 1250 260 1314 Saltare
283 1246 327 1312 ad
346 1269 534 1334 numeros,
558 1262 590 1313 et
612 1249 751 1332 sedtibus
770 1247 889 1316 addere
911 1259 1065 1315 cantum.
1114 1249 1140 1326 ’,

135 1339 289 1405 Invisam
304 1335 428 1401 frustrd
437 1335 532 1402 tectis
544 1337 704 1429 expellere
715 1354 843 1430 pestem
922 1380 930 1388 -
1134 1345 1136 1354 ⁴

136 1427 261 1493 Infelix
273 1426 419 1492 teutdrat
432 1425 534 1493 herus
550 1452 559 1492 r
574 1445 691 1494 manet
703 1429 856 1520 improba
870 1429 991 1522 pestis,

83 1581 86 1588 ,
135 1519 158 1585 J
163 1533 257 1584 urata
269 1517 400 1583 obsesso
413 1518 595 1608 nunqudm
610 1517 774 1586 discedere
789 1523 888 1586 tecto.

182 1607 272 1674 Cum
284 1631 376 1674 sacer
390 1609 542 1694 Antistes
555 1654 566 1695 ,
581 1609 756 1699 precibus,
771 1609 812 1687 de
827 1634 920 1674 more
935 1646 946 1696 ,
963 1592 1102 1694 solutis,

137 1698 303 1766 Velaturn
315 1697 412 1762 tenui
425 1697 544 1774 cereris
558 1699 622 1762 sub
632 1689 782 1789 imagine
796 1698 958 1784 Numen,

135 1787 264 1878 Ingens
280 1775 477 1887 praesidium
491 1829 502 1871 ,
518 1785 637 1850 multis
655 1787 896 1853 comitantibus
909 1788 1004 1854 effert

138 1879 190 1944 Er
207 1875 341 1966 adytis,
357 1889 411 1966 sty
433 1874 508 1940 ium
522 1889 632 1940 certus
641 1873 983 1966 frenaretyrannum.

411 1898 434 2030 d
446 1963 537 2030 sedes
551 2009 562 2052 ,
600 1981 680 2031 ortae
692 1964 749 2032 vix
762 1965 872 2057 prima
884 1967 1017 2032 subibat

136 2056 302 2144 Limina,
317 2056 398 2120 cum
410 2055 527 2146 rapido
541 2079 577 2119 re
621 2072 656 2120 at
671 2055 793 2120 domus
808 2056 916 2121 excita
927 2049 1052 2144 motu,

136 2149 182 2215 Et
198 2142 352 2212 tremulae
363 2161 509 2236 surgunt
522 2143 716 2210 tremefacta
725 2169 783 2236 per
795 2145 878 2210 atria
891 2170 1000 2212 voces.

137 2237 232 2302 Hinc
247 2231 387 2326 procul,
400 2232 419 2297 b
430 2233 511 2299 socii
525 2280 535 2318 ,
549 2233 643 2299 Deus
654 2234 815 2326 imperat!
833 2234 948 2326 Ocyds
959 2235 1010 2301 illi

137 2325 348 2416 Praecipitem
360 2321 500 2388 celerare
517 2323 656 2415 fugamr
673 2350 775 2416 vapor
786 2340 855 2390 ater
866 2325 905 2389 in
921 2349 1018 2391 auras

138 2413 296 2500 AEstuat,
310 2428 345 2478 et
355 2412 453 2504 nigro
463 2414 668 2505 glomeratur
680 2413 817 2480 turbine
831 2430 958 2481 vortex.

182 2504 401 2598 Hospitium,
421 2529 498 2591 cor,
516 2504 666 2592 Christe,
686 2521 788 2570 tuum
807 2521 875 2570 est:
891 2505 947 2572 hic
962 2529 1048 2571 saeva
1063 2503 1168 2572 libido

135 2595 304 2686 Incubet,
319 2611 351 2660 et
360 2594 463 2686 stygii
471 2610 637 2686 regnant,
655 2594 874 2684 malaturba,
889 2595 1042 2686 tyranni.

137 2689 187 2751 At
202 2702 262 2752 tua
277 2688 358 2754 cum
374 2701 500 2750 recreat
513 2685 677 2750 miserum
693 2685 868 2777 praesentia
903 2703 1015 2775 ectus,

137 2774 223 2839 Dira
232 2774 367 2860 cohors,
383 2775 490 2864 nigris
503 2775 665 2840 vitiorum
677 2775 841 2840 exercitus
856 2711 917 2842 aiis

138 2862 262 2928 Avolat
274 2910 285 2950 ,
297 2879 328 2928 et
341 2864 479 2952 trepidae'
490 2880 643 2929 remeant
654 2866 696 2930 ad
709 2880 834 2930 tartara
843 2881 963 2954 pestes.
980 2867 984 2889 ¹
1092 2915 1095 2926 ·

139 2952 324 3042 Hdcades3
338 2967 370 3015 et
382 2953 607 3046 pulsoeregnet
617 2979 684 3047 pax
692 2953 759 3019 alta
772 2953 937 3022 tumultu.
1005 2999 1008 3006 ·

120 3163 123 3171 ,
162 3129 361 3204 camsrr
384 3104 446 3202 ΙΝ
463 3130 805 3205 uucuamsru
828 3075 1078 3208 iarourrs

301 3294 409 3416 Iners
423 3307 570 3384 Bellurt
581 3307 762 3383 adversas
775 3304 937 3383 errorem
950 3303 1116 3404 uindex,
1175 3281 1176 3286 ἵ

142 3431 300 3581 Qursq
308 3509 330 3549 u
338 3509 373 3552 rs
390 3483 601 3555 adorandum
615 3483 713 3576 panis
725 3483 946 3578 subimagine
958 3483 1099 3549 Numen

143 3575 278 3641 Essene
302 3599 357 3658 as,
372 3571 448 3642 ades
462 3575 530 3640 huc
545 3601 553 3639 ε
570 3574 731 3640 animalia
740 3592 839 3640 muta
848 3576 1039 3660 docebunt,
1119 3588 1123 3592 ’

142 3664 260 3748 Quam
270 3598 383 3728 deceat
392 3679 547 3766 praestare
560 3663 686 3749 fidem,
705 3690 791 3756 quos
804 3666 916 3756 lapsus
927 3664 968 3731 ab
981 3687 1057 3730 arce

8 3773 12 3782 ·
38 3845 40 3851 Α
133 3752 300 3824 ·AEtherer‘r
312 3749 403 3820 reddi
417 3751 517 3820 Panis
530 3751 593 3819 sibi
605 3769 720 3844 poscat
731 3755 885 3822 bonores.
