2680 4448
178 281 181 290 '
252 291 426 338 tenura
473 277 773 338 turrinus.
879 331 886 350 ,
964 279 967 287 ’

57 383 144 453 Non
163 384 213 452 illi
229 387 350 454 Siculoe
369 385 502 478 sapiant
517 385 639 476 regalia
656 411 782 452 mensae
966 458 969 467 ,

57 477 219 566 Famula,
238 503 300 542 nec
312 478 414 544 veteri
428 476 621 564 spumantia
632 477 753 567 pocula
766 474 918 544 Bacchos

55 565 126 631 Sed
135 592 246 658 neque
262 593 336 633 aves
349 566 477 632 levibus
486 566 660 654 numeris,
677 591 787 656 neque
798 569 932 660 garrula
945 569 1043 638 docto

57 655 185 722 Pollice
196 655 293 747 pulsa
304 655 405 742 fides,
426 671 485 722 aut
498 655 553 722 fila
571 655 726 722 sonantia
736 655 861 748 plectro

56 743 249 812 Concilient
259 770 406 812 somnos.
418 745 524 812 Facili
541 743 634 835 plebs·
649 745 775 812 rustica
786 771 907 812 somno
999 813 1002 824 ,

57 835 201 901 Mollids
209 836 382 928 indulgete
404 860 467 900 nec
484 859 626 902 somnus
638 860 658 900 a
681 835 779 902 restia
794 837 920 928 speruit

55 923 238 1014 Culmina,
256 951 318 992 nec
333 925 393 992 vili
407 941 563 992 contexta
576 925 650 991 cub'
668 951 700 991 ra
716 926 844 1016 juneo,

55 1013 91 1078 N
92 1039 129 1080 ec
141 1015 230 1104 ripas
243 1015 388 1082 humiles
397 1015 602 1104 fluviorum,
615 1015 674 1082 aut
688 1015 809 1107 frigida
819 1015 948 1110 Tempe
959 1044 968 1084 ι

53 1103 198 1196 Semper'
208 1105 267 1170 ubi
277 1105 389 1172 flabris
397 1104 479 1171 lavis
487 1118 575 1172 aura!
580 1103 776 1198 loquacibus
785 1108 923 1174 umbras

56 1192 211 1260 Ventilet
223 1195 380 1264 alludens
395 1195 501 1260 foliis:
525 1195 585 1260 ubi
597 1195 760 1286 limpidus
771 1195 874 1264 undae
920 1231 921 1240 ¹

52 1282 185 1351 Peneus
199 1331 209 1370 ‚
228 1299 260 1349 et
276 1284 343 1351 fusi
355 1285 540 1351 scatebroso
552 1289 571 1350 b
583 1286 720 1376 pumice
729 1285 793 1353 rivi
917 1284 923 1296 '
937 1293 940 1298 ’

6 1425 12 1430 .
57 1372 159 1440 Fessa
169 1374 348 1464 soporifero
358 1375 552 1440 demulcent
562 1377 715 1440 membra
728 1399 877 1440 susurro.

99 1462 205 1548 Quod
216 1462 296 1530 satis
313 1481 365 1530 est
377 1480 512 1556 optare,
533 1463 745 1554 modumque
756 1463 929 1558 imponere
942 1466 1029 1536 votis

53 1550 127 1636 Qui
139 1550 280 1642 didicit3
295 1578 368 1618 non
382 1553 477 1618 hunc
492 1552 645 1628 trucibus
657 1553 740 1636 freta
751 1579 845 1620 versa
857 1557 1007 1645 procellis
1019 1605 1030 1646 ,

52 1641 304 1735 Horrentesque
315 1657 453 1716 movent
463 1641 615 1745 scopulij
631 1639 703 1707 non
713 1659 828 1733 pectus
839 1643 959 1712 inanes
1049 1701 1051 1712 Α

11 1731 242 1816 ‚¹*Sollicitant
259 1755 367 1798 curae:
390 1732 475 1823 quid
492 1732 542 1798 vis
561 1731 703 1799 inimica
722 1733 873 1800 cadmitis
951 1746 971 1759 “’

51 1823 193 1888 Arcturi
211 1838 370 1909 moneat,
384 1823 551 1913 surgentis
564 1839 597 1888 et
613 1823 761 1913 impetus
777 1823 902 1888 Haedi=

37 1909 146 1994 -Quid
160 1911 259 1977 laedat
277 1928 422 2002 segetes,
445 1912 529 2002 quid
545 1929 653 1978 acutae
670 1912 845 2002 grandinis
861 1913 969 1980 imber

1 2033 2 2037 ¹
51 2000 191 2067 Vitibus
207 2001 350 2067 officiatr
371 2025 446 2095 quae
462 2001 610 2067 mendax
624 2000 733 2068 sidera
749 2001 880 2070 fundus

1 2127 2 2132 1
49 2089 172 2182 Culpet
181 2137 193 2168 ,
217 2116 262 2156 an
278 2089 402 2157 effusos
416 2090 528 2158 alieno
540 2107 608 2156 tem
634 2116 690 2158 ore
710 2089 870 2180 nimboS‚
932 2087 937 2106 ¹

50 2182 111 2244 An
127 2180 261 2272 rapidos
280 2180 382 2267 soles,
404 2206 449 2248 an
465 2180 594 2270 iniquae
610 2117 735 2272 laigora
751 2183 895 2247 brumae.

96 2269 195 2336 Alter
206 2270 416 2337 inexhaustis
433 2271 553 2358 opibus
567 2271 652 2336 dum
672 2269 801 2356 fretus,
819 2272 857 2335 in
870 2273 981 2342 altum
1078 2317 1081 2322 ·

49 2359 194 2450 Porrigit
209 2361 363 2452 ingentes
381 2359 512 2423 insanis
529 2357 721 2446 sumptibus
738 2353 852 2424 hortos

48 2447 214 2522 Perteesus
230 2467 407 2516 terrarum.
423 2445 492 2514 Olli
506 2469 687 2511 numerosa
700 2446 829 2512 laborat
858 2459 859 2464 ’

49 2537 159 2604 Nocte
172 2539 292 2641 dieque
304 2533 449 2624 manus,
467 2536 570 2602 fervet
584 2536 699 2622 labor,
722 2559 858 2627 aequora
871 2536 970 2626 jactis

47 2627 224 2718 Molibus,
242 2627 466 2720 1mpactisque
480 2642 625 2718 gemunt
637 2625 777 2692 frasneta
791 2628 939 2716 catenis,
1024 2667 1026 2672 ι
1106 2671 1110 2692 ,

46 2718 92 2800 Et
106 2734 245 2783 mutum
261 2718 403 2810 trepidat
421 2717 601 2784 contractis
614 2716 776 2783 fluctibus
789 2741 924 2810 agmen.

46 2808 125 2873 Sive
141 2809 230 2873 mari
240 2806 327 2896 sibi,
345 2808 413 2874 sive
428 2807 497 2873 solo
516 2823 631 2873 tamen
644 2822 777 2873 extruat
789 2808 896 2896 sedes,

46 2897 129 2962 Huc
142 2913 275 2986 metus,
293 2899 362 2964 huc
379 2897 441 2964 fati
454 2918 528 2963 non
544 2897 709 2964 evitabilis
726 2898 862 2984 horror,

46 2985 130 3052 Huc
145 2987 308 3053 scelerum
324 2989 487 3054 scandent
500 2987 598 3053 luriae
611 3015 620 3053 t
635 3013 709 3053 non
721 3013 806 3054 aerea
815 2990 940 3084 puppis

43 3075 177 3168 Eripiat
188 3073 225 3142 fu
251 3078 394 3167 entem,
408 3094 468 3146 aut
480 3078 626 3146 turbinis
640 3075 733 3144 ocior
749 3079 803 3144 ala

45 3166 194 3258 Pegasus
207 3103 366 3246 abducat:
385 3195 482 3237 casus
495 3193 696 3236 comessuris
706 3195 765 3261 per
780 3186 901 3244 omnes

44 3257 126 3344 qut
142 3257 291 3348 equitem
304 3259 415 3346 sedet,
434 3276 467 3324 et
478 3257 582 3326 simili
592 3259 682 3325 volat
697 3260 821 3349 impeto
836 3276 935 3339 cura:

90 3346 241 3434 Qubdpsi
256 3372 329 3412 non
344 3347 485 3440 Phrygii
495 3341 641 3440 lapides,
662 3364 694 3412 et
709 3347 828 3412 clarior
840 3351 937 3414 astris

43 3435 608 3537 Purpura-componuntanimum,
622 3461 733 3527 neque
746 3435 835 3502 dona
847 3435 997 3505 Felemae
1036 3521 1039 3524 Ι

42 3525 159 3614 Vitis,
177 3526 390 3592 Achaemenii
399 3551 463 3592 nec
477 3527 604 3592 olentia
619 3525 788 3616 fragmina
799 3525 900 3592 costis

42 3613 141 3699 Quid
156 3615 243 3682 mihi
261 3611 461 3708 conspicuos
477 3615 575 3682 Pario
586 3615 626 3680 tle
639 3638 806 3680 marmore
818 3629 949 3706 postes,

43 3704 216 3774 Invidiosa
228 3732 315 3775 novo
329 3706 413 3797 quid
426 3704 546 3773 molier
564 3705 648 3773 atria
660 3705 730 3770 ritu
965 3701 966 3706 ’

682 3792 798 3866 Dd2
879 3785 909 3848 ἶ
992 3755 995 3760 ¹
