2648 4452
338 247 691 302 ‚vulturem
783 257 789 272 ·
939 253 1009 329 127

45 396 47 407 ·
77 345 200 452 longior
211 343 384 423 rideatur.
400 348 498 420 Tum
510 353 593 421 vero
609 348 827 422 tendendum
840 349 1007 426 adfinem
1097 373 1106 386 '

77 450 279 548 expositione
301 449 395 540 total3
414 445 511 547 quod
527 461 568 518 ut
587 441 670 538 fiat,
693 451 888 561 spargenda
931 477 1006 523 ute·

77 549 152 618 dam
175 545 311 618 semina
334 546 374 615 in
403 546 579 637 decursu,
602 571 645 616 ex
667 544 798 646 qurbus
823 478 1007 621 Conclusio

39 694 43 703 ι
75 660 187 744 sponte
195 659 373 716 nascatur.
383 642 600 716 imbuendus
610 641 893 718 etinlbrmandus
904 645 1008 717 certis

97 739 279 826 uibusdam
300 741 500 814 notionibus
523 741 671 841 legentis
701 743 867 834 animus,
903 743 1008 816 certis

34 898 39 909 .
75 768 169 911 lictis
188 853 226 911 et
245 839 427 912 sententiis
440 832 715 940 praeparandus,
733 857 776 912 ut
796 838 871 939 jaan
887 839 1008 912 iudet

72 936 187 1037 primis
199 935 361 1010 versibus
380 936 575 1038 suspicione
595 937 745 1037 attingat
766 939 945 1010 interdum
969 951 1009 1010 et

73 1033 286 1134 conjectura,
300 1035 389 1138 quid
401 1035 547 1135 scriptor
555 1034 734 1126 intendat,
775 1041 917 1108 norsum
928 1036 1008 1134 ejus

7 1169 8 1210 ς
75 1132 115 1202 sit
131 1159 302 1226 evasura,
331 1159 512 1234 quemque
533 1132 670 1204 exitum
692 1132 738 1212 sit
788 1133 928 1206 abitura
953 1129 1008 1206 rei

74 1230 250 1340 propositae
275 1230 390 1304 brevis
418 1230 620 1303 dsolaratio.
651 1231 707 1303 sit
735 1232 774 1306 in
802 1232 1008 1332 exemplum

7 1319 10 1370 t
73 1329 160 1400 rotun
170 1327 348 1401 Martialis
363 1328 606 1428 Epigramma.
631 1329 680 1402 L.
700 1355 738 1428 9.
760 1325 874 1434 Epig.
890 1355 950 1430 71.

212 1565 286 1619 Hinc
301 1565 427 1618 invitator
446 1565 578 1627 Caesaris,
593 1565 656 1616 inde
673 1568 762 1618 Jovis.

137 1637 215 1694 Arm
237 1643 304 1692 licet
317 1641 446 1710 propius,
463 1639 564 1707 palatis
580 1637 688 1710 longius
707 1652 815 1706 essent,

7 1373 11 1526 i
137 1492 180 1548 td
197 1505 301 1546 coenam
319 1493 343 1544 si
357 1465 401 1544 me
416 1492 522 1544 diverse
537 1506 646 1544 vocaret
658 1495 687 1544 in
706 1503 777 1546 astra

7 1529 13 1684 l

7 1689 9 1790 l
202 1717 349 1785 Responsa
364 1713 398 1764 nd
410 1727 523 1782 superos
533 1713 593 1772 hae
606 1712 746 1765 referenda
762 1714 864 1766 darem.

113 1834 279 1928 Quatuor
295 1831 355 1904 isti
371 1829 503 1930 priores
520 1855 666 1924 versus,
695 1833 758 1934 qui
775 1832 1008 1932 Expositionis

70 1929 176 2004 locum
188 1931 343 2022 habent,
360 1934 437 2000 rem
446 1928 586 2028 ipsam,
601 1930 645 1999 de
659 1935 731 2029 qua
744 1931 861 2032 agitur
872 1948 1009 2030 ponunt

7 2077 8 2084 κ
72 2030 279 2121 in'medio,
307 2044 351 2116 et
375 2041 576 2127 praeparant
605 2025 743 2099 lectoris
774 2028 934 2100 animum
960 2027 1010 2100 ad

7 2147 8 2180 ³
71 2127 357 2215 conclusionem,
379 2151 488 2224 quam
506 2124 709 2196 subodorari
723 2153 802 2197 ,non
827 2142 901 2197 tam
914 2129 1009 2239 aegra

69 2227 192 2336 possit,
215 2225 246 2296 si
263 2225 369 2297 modo
387 2251 460 2299 non
483 2221 530 2298 sit
552 2220 666 2296 obesae
691 2225 800 2296 naris.
826 2223 892 2325 Est
912 2251 1009 2300 emm

8 2373 10 2396 2
69 2323 149 2395 rllas

137 2474 277 2546 Querite,
295 2458 342 2543 qni
357 2471 437 2524 malit
448 2467 508 2522 fieri
521 2469 634 2521 consiva
646 2471 796 2534 Tonantis3

196 2551 245 2601 Me
259 2563 337 2600 meus
358 2546 388 2598 in
404 2545 481 2596 terris
494 2544 603 2614 Jupiter
621 2559 685 2594 ecce
699 2555 784 2595 tenet.

10 2677 11 2682 ἵ
111 2685 290 2778 Quamvis
314 2697 436 2753 autem
460 2703 610 2752 acumen
630 2693 834 2751 reservetur
855 2679 1007 2754 Conclu-

68 2785 174 2876 sioni,
187 2781 278 2854 nihil
291 2804 399 2852 morae
409 2790 591 2851 esttamen
604 2831 616 2870 ,
635 2777 823 2879 quominus
839 2777 929 2850 illud
941 2807 1007 2850 an-

67 2897 218 2958 tevertat
243 2881 375 2972 Poeta,
390 2893 443 2950 et
466 2877 607 2950 scutula
630 2877 796 2978 quaedam
820 2877 1010 2950 admisceat

67 2981 196 3082 passim
209 2977 431 3079 inculcetqne
448 2976 595 3050 diversis
612 2975 718 3066 locis3
742 2989 790 3044 ut·
801 2968 879 3046 finis
897 2975 1009 3046 inter-

70 3081 154 3151 (lum
180 3077 234 3162 ibi
256 3092 403 3177 putetur
424 3101 500 3148 esse
521 3071 820 3174 Epigrammetis,
844 3073 907 3145 ubi
929 3071 1009 3146 finis

67 3204 135 3251 non
152 3193 229 3268 est,
242 3181 323 3247 otim
339 3191 474 3246 restent
488 3173 605 3246 adhuc
620 3172 778 3244 meliora.
796 3170 1011 3338 Exemplum

13 3339 14 3342 ,
68 3275 168 3348 dabis
185 3273 284 3346 istud·
298 3273 526 3373 Epigramma
545 3270 721 3342 Martialis
732 3272 771 3340 in
787 3269 905 3341 Scaevo
920 3295 1008 3356 am,

68 3402 147 3446 oum
164 3373 350 3443 dexteram
371 3397 516 3441 manum
543 3381 729 3458 exureret,
753 3367 849 3465 qnod
862 3377 1013 3436 errasset

65 3471 149 3565 illa,
171 3469 325 3542 scribam
348 3467 509 3537 Porsenae
527 3493 591 3563 pro
607 3465 683 3564 ipso
702 3465 856 3562 Porsena
873 3458 1010 3532 interfi-

66 3569 204 3643 ciendo.
219 3567 267 3640 L.
285 3593 318 3638 1.
338 3561 452 3666 Epig.
468 3587 527 3636 aa.

90 3719 93 3726 '
139 3719 213 3772 Cum
233 3728 337 3788 peteret
355 3713 461 3790 Regem
477 3711 589 3790 decepte
602 3709 725 3764 Satellite
739 3708 850 3778 dutrs,
959 3776 963 3782 ⁸

182 3793 299 3860 -Injecit
315 3790 397 3849 sacris
414 3805 443 3841 se
463 3787 580 3860 peritura
599 3785 700 3844 saclas·
