2690 4452
173 348 179 354 ,
688 329 695 354 Ι

265 377 782 476 tiningsiraiuus.
1058 400 1060 403 ’
1117 379 1184 468 491

67 489 185 574 Quam
198 506 331 580 turpem
349 477 516 556 ¹trahimus
531 492 623 581 turpi
640 490 680 554 (le
699 491 861 582 sanguine
884 493 1011 562 vitam!

69 579 253 646 Otiivium
267 579 405 644 infelix!
426 597 458 645 et
470 580 590 669 iniqu-o
602 581 731 646 tramite
744 583 879 649 fauces!
919 599 921 602 '
989 617 992 624 ·
1057 648 1061 674 ἱ

69 668 207 736 Otriste
223 670 400 760 arbustum
417 671 425 735 Ξ
443 670 505 736 Ov
554 668 560 682 '
630 657 679 734 ibi
695 671 843 756 conscia,
860 669 980 758 nostrbl
1127 687 1129 692 “

70 759 300 825 Conscelerata
316 785 447 836 manu,
468 759 554 849 patri
601 786 644 824 ue
658 761 787 826 imbuta
799 762 939 846 cruore}
957 799 963 806 -

114 851 175 914 An
187 849 390 938 meministis
400 850 511 914 adhuc
524 867 564 918 ut
601 851 650 915 iro
662 849 776 916 funere
786 867 910 917 vestras

70 938 253 1006 Polluen'm
266 941 380 1026 sedes,
400 939 544 1028 fatisque
560 940 629 1004 huc
646 957 756 1032 raptus
771 941 899 1028 iniquis

70 1029 275 1118 Complerirn
285 1030 469 1130 opprobriis
485 1029 657 1095 Cadmoeas
671 1029 824 1121 turpibus
841 1054 932 1096 arces
945 1031 960 1095 ἓ

71 1117 275 1184 Othalami!
296 1135 404 1185 tr1stes
418 1119 576 1198 thalami!
617 1137 676 1186 uot
689 1119 999 1187 monstrauulistis3

70 1205 224 1274 Nomina
237 1225 319 1298 quot
335 1225 419 1276 tetro
432 1209 578 1275 miscetis
594 1145 734 1275 ioedere:
755 1212 889 1276 eosdem
907 1253 909 1258 -

70 1295 177 1362 Natos
191 1313 292 1390 atque
309 1314 437 1390 patres,
455 1299 597 1370 confuso
611 1300 774 1390 sanguine
787 1300 904 1366 fratres
919 1345 931 1384 ,
1015 1299 1019 1307 ’

71 1388 269 1476 Matresque
283 1385 470 1478 uxoi‘esque
482 1391 606 1475 simul,
628 1411 783 1477 nexuque
798 1388 945 1454 nefando

70 1476 282 1568 Omnigenos
294 1478 458 1546 scelerum
471 1525 482 1563 ‚
498 1477 633 1568 gemino
647 1477 687 1541 de
697 1501 853 1568 corpore,
873 1477 973 1544 foetus
986 1477 994 1541 !

71 1567 203 1634 Verbm
216 1568 283 1632 heu
297 1591 372 1660 quae
384 1566 500 1632 fecisse
510 1567 635 1656 pudet,
650 1565 769 1632 dixisse
781 1567 983 1656 pudendum
993 1581 1053 1633 est.
1110 1577 1112 1581 ’

69 1656 145 1724 Vos
157 1655 177 1720 b
190 1657 218 1721 si
235 1657 311 1747 quis
329 1681 424 1721 amor
440 1681 498 1746 per
516 1655 663 1722 numina
682 1672 795 1722 sancta
810 1658 963 1723 Deorum
979 1701 990 1745 ‚

70 1745 249 1825 Occultate
272 1745 383 1831 nefas,
400 1746 562 1832 occidite,
581 1772 653 1812 mer
676 1748 718 1812 ite
730 1763 854 1836 ponto,

72 1836 259 1928 Impurum
274 1832 381 1900 scelus
393 1861 432 1900 ax
451 1832 557 1902 oculis
575 1771 724 1928 depellite
740 1839 868 1903 vestris.

23 1995 26 2000 ,
72 1927 144 2013 Ite3
165 1925 241 2015 quis
256 1925 439 1993 infandum
459 1927 561 1990 timor
579 1943 627 1991 est
643 1927 802 2016 attingere
820 1925 966 2016 corpus?

71 2016 144 2102 Ite3
161 2037 224 2080 nec
242 2015 310 2080 ulla
322 2039 447 2080 manus
462 2015 585 2098 laedent
603 2019 777 2107 contagia3
796 2032 928 2080 tautam

73 2105 155 2170 Heu
169 2104 257 2170 mihi
277 2104 332 2170 fas
342 2105 407 2170 uni
425 2106 549 2174 molem
566 2104 708 2199 perferre
721 2107 905 2172 malorum.

80 2281 385 2382 OEmpusdfiliis
405 2285 591 2384 expulsus
613 2306 654 2357 et
672 2283 786 2369 exzcl,
804 2283 1014 2356 Polinicem

66 2399 71 2409 ‘
110 2379 244 2480 filium
252 2431 268 2466 ,
286 2385 353 2480 qui
369 2384 452 2480 ipse
468 2381 518 2451 ab
531 2381 717 2452 Etheocle
723 2384 849 2476 fratre
869 2383 1028 2480 ejectus
1126 2403 1130 2412 ’
1148 2373 1153 2384 ’

123 2496 287 2550 venerat
304 2503 464 2578 euinque
488 2477 625 2548 orabat
647 2497 690 2548 ut
716 2477 868 2550 Thebas
887 2479 1015 2549 secum

126 2594 392 2660 reveneretun,
412 2579 469 2646 sic
484 2555 747 2675 alloquimini]
764 2576 964 2646 Soeuocia.

73 2683 162 2805 Aa·
179 2738 268 2823 nisi,
283 2735 466 2802 Palladiam
482 2752 610 2826 sceptro
628 2734 823 2802 veiierabilis
840 2761 952 2803 arcem
1050 2807 1052 2814 ¹

77 2829 153 2916 Qui
164 2827 268 2919 regit,
288 2826 331 2891 ad
346 2841 476 2891 nostras
492 2827 644 2892 Theseus
660 2843 692 2892 te
710 2828 990 2914 mitteretauies,
1077 2833 1081 2844 '

79 2921 112 2987 0
129 2934 230 3008 caput
241 2916 392 2982 invisum
403 2962 420 3003 ‚1
431 2929 553 2980 nostrae
570 2918 778 3006 exitiumque
797 2933 937 2983 senectia
950 2963 959 3004 ,

52 3004 56 3012 „
78 3009 163 3076 Non
175 3033 234 3098 ego
251 3022 283 3072 te
300 3007 400 3096 patrii
415 3006 565 3097 aspectlls
585 3007 739 3098 dignarer
755 3008 893 3072 honore.
1113 3087 1116 3099 .

79 3100 185 3166 Nune
204 3123 285 3187 age,
304 3121 387 3187 quas
400 3093 507 3160 fundo
523 3095 593 3184 jam
605 3121 678 3162 non
695 3112 809 3188 pater,
830 3097 943 3187 accipe
959 3117 1076 3183 voceS,

80 3187 281 3279 Augurium
291 3185 430 3272 infelix,
452 3201 644 3277 aetemaque
660 3187 800 3254 vulnera
817 3188 953 3252 mentis.

80 3279 139 3344 Tu
150 3276 338 3361 ‚scelerum
355 3276 500 3360 soboles,
519 3277 636 3341 eadem
652 3277 735 3342 dum
752 3295 880 3368 sceptra
893 3275 1049 3366 gerebas,

81 3368 171 3452 Quae
184 3390 280 3431 nunc
297 3364 398 3430 frater
409 3363 509 3429 habet
520 3365 682 3430 manibus'
694 3367 824 3432 divulsa
838 3355 1011 3455 superbis,

81 3456 207 3522 Fecisti
218 3472 257 3521 ut
270 3455 423 3546 genitor,
443 3452 559 3544 patriis
572 3456 590 3518 ὲ
603 3455 736 3520 setlibus
750 3456 845 3542 exul,

81 3547 189 3612 Urbis
202 3546 322 3634 inops,
336 3543 464 3642 fugeret
477 3544 706 3632 squalentibus
721 3545 826 3610 obsita
837 3543 960 3636 pannis

82 3637 244 3702 Membra
256 3633 390 3699 trahens
403 3658 411 3721 3
429 3648 461 3697 et
480 3657 575 3698 nunc
589 3633 658 3697 fato
671 3637 842 3724 perculsus
857 3633 975 3699 eodeni
1007 3660 1010 3672 ·

82 3725 162 3792 Ah!
181 3750 252 3791 sero
271 3725 367 3814 luges
382 3723 485 3814 patris
501 3721 690 3792 infortunia
702 3723 796 3790 fletu.

82 3815 157 3882 Nec
176 3815 322 3906 lugenda
339 3831 477 3901 tamen,
497 3811 576 3877 forti
594 3813 651 3878 sed
668 3831 782 3880 mente
797 3812 934 3878 ferenda
1029 3819 1032 3827 '

83 3905 173 3990 Quae
186 3904 316 3996 patior,
334 3903 465 3977 scelen's
475 3902 576 3971 vestri
588 3929 660 3972 non
674 3905 855 3974 immemor
866 3911 1033 3994 unquam.
