2690 4452
118 283 194 372 ni
265 239 269 244 ’
363 261 731 352 numm

67 387 72 404 ⁵
120 399 216 467 Hinc
228 399 329 466 etiam
346 399 387 464 El
413 399 471 466 siis
488 401 527 466 in
540 400 680 466 vallibus
689 400 829 488 ‚omnis
846 415 1037 466 amantum*

119 489 239 566 Turba
251 513 328 556 suas
341 505 373 555 et
390 426 491 556 babet
508 492 665 582 Myrtos,
682 508 713 557 et
729 491 865 582 Myrtea
877 490 1006 555 circum
1033 476 1039 496 ¹
1112 502 1116 514 '

120 579 310 672 Silrategit
321 625 335 666 ,-
347 596 516 684 quotquot
533 606 596 646 nee
610 606 705 648 amor
720 597 795 671 post
812 581 880 648 fata
891 579 1027 670 reliquit
1039 625 1055 665 ,Ι

120 668 365 760 Phaedrumque
379 717 389 756 ,
405 687 601 764 tnstomque
617 673 776 756 Procrin,
797 685 1019 760 moestamque
1031 663 1261 759 Eriphyldm.
1337 691 1340 726 i

166 761 200 826 Is
213 785 284 826 non
299 783 391 825 unus
408 759 516 826 henos
533 763 651 852 Myrto
665 786 674 849 3
690 762 753 827 sibi
765 762 872 828 victor
885 775 1043 826 orantem
1118 809 1120 817 ·

30 929 33 938 1
120 847 185 914 Illa
201 851 356 916 nectebat
367 852 541 940 quondam
554 851 594 916 de
608 851 726 918 fronde
743 875 905 917 coronam

68 1003 75 1018 .
119 939 315 1027 Tubertus,
331 943 494 1032 victisque
511 941 605 1032 prior
620 944 660 1008 do
678 966 770 1008 more
785 941 918 1008 Sabinis
932 987 950 1028 ‚-

120 1029 293 1121 Imposuit
304 1031 404 1119 capiti
422 1033 605 1123 Myrtum,
625 1031 836 1122 inseruitque
853 1029 1062 1120 triumphis„

119 1119 198 1209 Ipsa
215 1121 310 1185 arbos
321 1136 444 1186 trunco
457 1138 506 1186 est
520 1121 664 1209 humili,
681 1147 743 1188 nec
758 1123 879 1189 vertice
898 1121 1006 1210 celso,

121 1208 285 1275 Mollibus
302 1226 333 1273 et
346 1210 434 1275 foliis
447 1258 457 1297 ,
474 1227 508 1276 et
523 1236 617 1276 ramo
630 1213 745 1276 crebra
759 1211 910 1278 comanti
924 1237 933 1278 t

120 1297 219 1364 Illius
233 1315 265 1364 et
282 1299 405 1365 blando
423 1301 587 1392 nymphoe
598 1316 790 1391 tanguntur-
804 1302 905 1366 odoro

120 1387 283 1476 Frondis,
307 1405 339 1453 et
354 1389 486 1456 eximite
500 1390 670 1456 mirantur
681 1391 821 1480 praemia
838 1389 967 1456 formoea

120 1478 158 1544 si
169 1479 261 1544 oalor
277 1479 465 1545 inclemens
477 1479 602 1568 fuerit,
621 1481 673 1546 vel
685 1479 793 1571 frigus
805 1480 856 1546 ini
882 1503 969 1544 uum
979 1523 996 1563 ‚-

104 1565 278 1672 ‘Utraque
290 1569 341 1635 vis
353 1571 472 1661 Myrto
487 1595 638 1660 namque
653 1585 705 1636 est
715 1505 898 1636 metuenda
910 1615 921 1656 ,
936 1568 1070 1634 calores

116 1655 174 1722 Tu
194 1660 340 1746 nimios,
354 1661 572 1752 nimiumque
583 1677 664 1726 'cave
678 1707 688 1745 ‚
703 1685 764 1752 pro
781 1676 954 1750 tempore,
975 1658 1110 1749 frigusv⁸
1192 1695 1196 1705 x

119 1745 226 1817 Unde
239 1749 331 1838 juvet
344 1752 497 1850 plantam
512 1750 676 1840 quadrato
691 1750 864 1815 includere
879 1748 997 1838 ligno,

120 1835 172 1902 Ut
184 1841 264 1904 chm
278 1856 370 1904 saevrt
381 1840 515 1926 hiems,
532 1840 626 1906 illam
641 1841 705 1904 sub
720 1855 807 1906 tecta
821 1861 963 1939 reponas
973 1882 1004 1923 ,3
1052 1897 1056 1906 .

119 1929 194 1992 Aut
210 1927 334 1992 fundas
346 1929 471 2020 gelidos
488 1929 597 1996 fontes
610 1975 625 2016 7
643 1930 732 1994 dum·
768 1929 886 1994 erfurit
901 1943 1027 1994 aestus..

12 2012 15 2029 '
95 2010 99 2026 ⁸
118 2015 164 2081 Et
181 2018 209 2082 si
224 2035 355 2110 quaest
371 2019 499 2110 pietas,
518 2021 560 2085 ab
577 2037 684 2086 acutae
699 1955 985 2104 vulnere-falcis„
1021 2047 1024 2054 ¹

36 2133 43 2152 ,
119 2105 164 2172 Et
175 2109 304 2198 pecoris
320 2133 437 2175 morsu
449 2134 563 2178 rarnos
575 2109 716 2174 defende
730 2125 893 2204 repentes.

323 2285 411 2362 LE
466 2284 860 2358 LAURIER..

120 2393 231 2514 Vni.
240 2473 356 2515 nisus
370 2447 528 2540 irriguis,
544 2464 576 2514 et
590 2447 700 2514 fontes
712 2463 847 2600 propter
859 2469 1049 2534 amoenos„

116 2539 230 2606 Floret
242 2539 386 2623 odoratis
398 2539 515 2606 laurus
528 2537 755 2632 pulcherrima
792 2536 879 2601 accis
892 2583 902 2624 ‚

116 2628 249 2710 Nobilis
262 2643 396 2694 aeternae
409 2629 465 2696 cui
482 2629 588 2732 gloria
604 2628 734 2693 frondis
750 2625 941 2692 obumbrat.

117 2717 191 2788 Nec
207 2719 301 2810 quiS,
317 2719 451 2786 dotibus
464 2719 535 2804 his,
550 2736 668 2784 natam
681 2717 721 2782 de
735 2716 836 2808 stirpe
848 2711 1018 2808 pudendd'·

88 2885 90 2890 ,
117 2810 199 2876 Esse
212 2823 327 2898 putet:
347 2811 448 2900 riphe
462 2809 625 2896 Peneide,
643 2807 795 2880 maxima
812 2806 995 2896 quondam
1058 2875 1060 2883 s

118 2899 203 2964 Orta
216 2897 283 2962 fuit
300 2899 414 2990 virgo,
431 2899 561 2965 summi
578 2922 687 2967 nurus
707 2922 775 2963 esse
788 2893 958 2962 Tonantis

117 2987 207 3074 Quae
219 3002 367 3078 poterat,
380 2989 408 3054 si
422 2989 504 3054 forth
517 2989 591 3054 Deo
602 3003 764 3074 contenta
776 2987 918 3074 marito,

117 3077 281 3143 Audisset
298 3077 424 3168 primos
437 3079 556 3154 Phoebi
566 3078 701 3144 victoris
711 3102 853 3142 amores.

117 3168 179 3234 Ille
193 3169 352 3233 humeros
370 3168 525 3257 pharetra
537 3166 703 3258 insignis,
722 3166 893 3254 spolioque
905 3164 1089 3255 superbus-

117 3258 309 3348 Pythouis,
324 3258 443 3322 merito
468 3283 511 3322 ue
529 3282 590 3322 suo
607 3301 617 3344 ,
636 3255 806 3348 quaerebat
819 3255 937 3322 amari.

118 3345 214 3412 Felix
231 3351 323 3452 virgo
330 3395 342 3428 ‚
361 3347 426 3414 Dei
440 3283 603 3413 thalamos
617 3347 645 3412 si
663 3345 746 3411 forth
759 3344 935 3435 rogantia,
1036 3368 1039 3376 ’

120 3436 316 3529 Solisequrs
334 3438 590 3534 coeloqueomni
601 3436 770 3521 dotanda,
789 3434 932 3500 tulisset.
1042 3476 1047 3486 a

120 3526 344 3617 Quamquam
358 3529 498 3596 coelestis
516 3527 636 3617 sprevit
654 3527 737 3592 dum
755 3541 832 3594 rota
845 3523 960 3600 mariti
1048 3598 1052 3606 ,
1078 3599 1097 3604 ..
1118 3596 1120 3604 s

121 3615 258 3680 Grande
272 3619 351 3682 tulit
364 3619 532 3710 pretium,
552 3633 722 3684 servatum
739 3615 893 3706 nympha
907 3612 1092 3705 pudorem,

120 3705 164 3770 Et
199 3729 260 3770 uos
272 3705 386 3772 laurus
398 3709 497 3774 habet
514 3709 628 3774 Pboebi
647 3708 687 3772 de
704 3731 846 3770 munere
859 3704 1023 3789 honores,
1130 3709 1133 3719 '

122 3729 226 3882 Quid
241 3797 376 3887 templis
393 3798 512 3889 toties,
527 3797 620 3888 qnbd
635 3797 678 3864 sit
692 3795 853 3862 celebrata
866 3793 1025 3882 theatris,
