2690 4452
85 383 202 474 *486
410 397 780 451 can-rainois
887 461 890 472 Ι

125 533 149 568 ιι
171 505 252 590 Quo
266 493 525 593 perimentes
544 499 626 566 Nati
639 509 754 592 neque
763 502 898 593 respicis
909 523 1020 572 annos

125 622 149 659 ιι
171 589 344 662 Insontes!
362 587 434 680 jam
450 589 547 656 nulla
562 607 630 658 tuce
644 592 823 680 miseratio,
834 595 942 685 tangit

92 746 97 764 ι
125 711 149 748 ιι
171 679 452 766 Andromaches,
490 679 541 746 rioe
557 698 590 746 te
608 682 734 748 crudeli
751 699 858 748 morte
873 697 1088 776 peremptum

123 801 148 838 ιι
170 773 298 860 Flebit,
318 787 351 838 et
366 769 423 836 hic
441 705 583 860 viduos,
598 772 628 838 si
639 772 779 852 vixerit,
802 773 911 864 exiget
928 773 1063 840 annosi

125 892 149 928 ιι
173 861 291 932 Cernis
303 877 343 928 ut
355 859 485 928 infestis
501 885 615 926 unum
628 879 660 927 te
674 863 714 928 in
728 863 842 954 praelia
858 861 933 929 telis

127 981 151 1018 ιι
173 954 369 1045 Deposcant
380 950 518 1018 Danaii
537 951 618 1016 Tibi
631 952 747 1018 messis
762 951 933 1018 inhorruit
946 951 1019 1018 nni-

125 1070 149 1108 ιι
171 1044 304 1108 Ferrea.
318 1041 383 1108 Sed
395 1067 450 1108 me
465 1057 552 1108 terra
563 1043 642 1107 sinu
658 1041 750 1134 priris
760 1041 895 1108 hauriat
907 1043 1003 1130 imo,

123 1160 150 1199 ιι
171 1131 289 1220 Qudm
305 1133 422 1198 sinete
434 1132 560 1222 invisos
572 1131 757 1222 producam
773 1132 901 1223 perdita
918 1131 1013 1198 soles.

125 1251 150 1288 ιι
172 1221 244 1289 Nec
260 1221 348 1286 mihi
368 1221 540 1311 'ampater
552 1237 601 1286 ast
617 1247 626 1286 ι
642 1237 772 1312 patrem
782 1220 950 1286 interfecit
966 1217 1144 1308 Achilles,

125 1341 149 1377 ιι
171 1311 338 1380 Pernicies
350 1248 505 1402 Iiegum3
527 1310 742 1412 nequendest
755 1311 1093 1376 d'nlcissimamaters
1190 1351 1195 1354 >

126 1429 152 1467 ιι
174 1393 345 1468 occubuit
361 1415 468 1466 mater
484 1399 558 1466 telis
573 1397 726 1465 confossa
742 1399 875 1484 Dianae.
923 1443 932 1462 .

126 1520 152 1557 ιι
174 1495 310 1582 Septem
322 1491 384 1582 qui
399 1489 552 1578 fuerant,
572 1489 730 1556 concordi
742 1490 864 1554 sunere
876 1489 992 1554 fratres

128 1611 153 1650 ιι
169 1582 260 1648 Una
276 1580 367 1668 dies,
385 1595 512 1646 manus
525 1605 596 1646 una
611 1579 692 1646 tulit
706 1605 715 1644 r
734 1595 861 1670 septem
873 1603 965 1644 unus
980 1571 1133 1644 Achilles

129 1699 154 1738 ιι
176 1673 336 1737 Alterum
353 1671 392 1737 in
402 1671 537 1736 alterius
548 1669 708 1738 mactavit
718 1670 883 1761 sanguine
898 1669 1026 1735 fratres.
1044 1711 1046 1717 ,
1067 1673 1070 1680 ⁴

130 1789 155 1826 ιι
177 1761 235 1826 Tu
248 1761 336 1826 mihi
350 1761 421 1852 jam
435 1759 536 1826 frater
543 1759 665 1842 ,nubi
676 1775 715 1824 tu
729 1776 924 1852 materque,
938 1774 1120 1849 paterque,

133 1879 157 1916 ιι
178 1845 236 1916 Tu
250 1850 400 1940 conju1'3
421 1865 533 1916 tantos
545 1851 618 1916 noli
631 1851 804 1920 cumulare
823 1850 971 1934 dolores,
1019 1880 1024 1896 ·
1059 1873 1061 1877 ·

134 1968 157 2004 ιι
179 1941 329 2027 Hector,
348 1956 381 2006 et
393 1940 543 2008 infandae
558 1955 608 2006 tot
620 1941 764 2006 nomina
778 1939 914 2031 prodere
926 1937 1041 2012 morti.

136 2059 159 2092 ιι
180 2029 234 2096 Ne
248 2030 380 2134 genitor
391 2047 513 2096 natum
526 2077 537 2117 ,
551 2055 693 2096 uxorem
704 2055 749 2096 ne
763 2030 873 2094 desere
885 2027 1023 2118 conjux.
1041 2053 1069 2088 ιι

86 2163 89 2176 ·
180 2121 298 2208 Dina,
314 2137 346 2186 et
359 2121 527 2214 ingemuit
541 2167 551 2206 ‚
567 2121 623 2186 eui
635 2120 713 2185 talia
722 2119 867 2184 reddidit
880 2119 976 2183 heros
993 2143 1003 2180 ι

135 2239 158 2274 ιι
179 2211 311 2300 Ergone
326 2234 400 2294 me,
421 2209 568 2294 conjux,
582 2209 673 2295 turpi
684 2207 865 2272 formidine
876 2206 1002 2270 bellum
1221 2275 1228 2290 Ἴ

135 2325 158 2360 ιι
180 2296 373 2365 Deseruisse
384 2297 505 2385 iubesi
521 2295 790 2448 Pupientemque
806 2293 955 2360 Hectora
964 2293 1092 2383 Troes,
1201 2305 1211 2328 ²

137 2416 161 2452 ιι
184 2389 332 2454 Hectora
343 2383 552 2476 conspicient
580 2410 602 2449 u
628 2385 752 2450 'entem
770 2387 787 2448 ὲ
803 2383 974 2454 moenibus
988 2384 1063 2448 altis
1227 2391 1233 2405 “

125 2483 162 2540 ἰι
185 2478 340 2546 Pulchrae
352 2474 585 2542 Dardanides?
628 2475 721 2540 ocuit
731 2485 804 2540 iton
813 2473 893 2540 talia
904 2474 1062 2558 Mavors,

138 2595 163 2632 ιι
185 2567 267 2634 Νοιι
281 2568 375 2658 jubet
388 2567 444 2632 hic
461 2565 598 2632 animus
611 2589 620 2652 3
634 2565 691 2629 sed
702 2590 828 2654 mesper
839 2564 957 2654 stragis
969 2585 1125 2649 acervos,

138 2685 163 2721 ιι
186 2660 248 2724 Per
263 2657 391 2724 medias
403 2655 540 2722 volitare
555 2653 664 2740 acies,
683 2679 721 2719 ac
733 2653 874 2719 fortibus
887 2661 986 2745 urget

139 2772 163 2810 ιι
186 2747 232 2814 Et
248 2747 352 2838 patris
370 2762 401 2810 et
412 2761 543 2812 nostras
554 2741 651 2808 factis
664 2743 839 2818 extendere
849 2743 977 2807 laudes.
1056 2763 1058 2770 ’

141 2864 166 2900 ιι
187 2837 243 2903 Ειι
256 2837 318 2902 erit
330 2835 387 2901 illa
400 2835 490 2922 dies,
506 2859 570 2899 nec
585 2859 639 2898 me
652 2834 755 2900 tir'nor
765 2835 891 2899 'anxius
906 2831 1021 2924 angit,
1093 2901 1095 2906 ,

143 2953 166 2990 ιι
188 2927 244 2994 Ειι
258 2925 320 2992 erit
333 2941 373 2990 ut
382 2924 538 2992 Priamus
553 2923 766 3015 ,Priamique
776 2924 939 2986 exercitus
950 2913 1065 2986 omnis'

143 3045 167 3080 ιι
191 3015 353 3102 Occidat,
367 3031 406 3080 et
415 3015 510 3080 rastd'
520 3015 720 3104 procumbat
734 3013 837 3102 Troja
853 3013 965 3076 ruina,

143 3136 166 3171 ιι
186 3107 254 3173 Sed
268 3129 379 3196 neque
394 3127 449 3169 me
465 3107 601 3170 tantdm
613 3103 731 3169 Patriae
743 3101 936 3190 Priamique
956 3097 1100 3192 parentis
1113 3145 1126 3186 ,

144 3225 167 3260 ιι
191 3182 435 3262 Aut'Heeubae
451 3209 598 3258 extremo
613 3191 787 3256 'morientis
799 3191 869 3254 fine
879 3206 1038 3267 senectae,
1132 3219 1135 3222 ·
1236 3186 1239 3191 ⁴
1334 3213 1336 3276 ᾗ

145 3314 168 3350 ι)
194 3291 265 3354 Aut
283 3286 427 3352 fratrum
439 3282 592 3368 miseret,
609 3281 712 3358 denso
726 3303 810 3372 quos
823 3278 942 3344 funere
959 3281 1084 3370 passim

149 3405 172 3440 ιι
194 3377 351 3444 Demetet
363 3373 468 3442 hostis
481 3389 575 3440 atrox
589 3387 621 3436 et
634 3371 1041 3502 fortiapectorarumpem

148 3493 171 3530 ιι
194 3468 402 3552 Quantum,
422 3489 518 3551 cara,
535 3459 589 3529 tui
601 3462 755 3534 miseret.
772 3485 854 3528 nam
869 3458 992 3524 ferrens
1008 3457 1070 3521 ibit

149 3573 172 3620 ιι
195 3557 354 3622 Crinibus
365 3553 506 3646 eripieris
516 3554 761 3644 lacrymantem
777 3566 808 3617 et
821 3549 933 3615 mutia·
941 3557 1132 3640 gementem
1217 3563 1220 3574 ’

97 3662 98 3666 ’
148 3673 171 3711 ιι
194 3648 316 3734 Miles,
337 3663 370 3711 et
384 3645 483 3718 uxori
498 3643 658 3736 producet
672 3635 961 3714 munnsAciiiv'ae,
1065 3660 1077 3670 ·‘

120 3768 122 3772 ¹
147 3765 170 3802 ιι
192 3737 287 3802 Τιιιιι
304 3738 383 3800 verb·
393 3735 511 3822 infelix
523 3733 642 3798 mediis
652 3722 925 3822 irrisa'Mycenis
973 3737 998 3818 ᾗ
1016 3732 1037 3766 ’··’
1055 3729 1110 3764 ·””

148 3856 171 3896 ιι
194 3825 420 3912 AdDommae
434 3825 609 3914 arbitrium
622 3821 916 3924 servilia¹stamina
932 3817 1031 3946 ducps
