2680 4448
131 257 220 359 3&
433 247 861 332 caanrunn'

28 398 33 418 ¹
128 362 262 470 ‘Quam
274 374 381 450 varios
394 403 479 448 usus
496 379 615 446 voluit.
635 380 727 446 Fons
739 405 831 448 unus
842 379 881 446 in
892 373 1003 449 alveos
1064 379 1066 387 '

145 472 278 539 Scindit
292 495 326 536 es
341 470 476 561 pluresr
496 469 555 536 sed
570 495 643 536 non
654 470 705 536 vis
718 473 876 538 omnibus
889 497 971 536 una.

143 563 236 630 Nam
247 583 339 626 sacer
348 583 528 648 erumpens
539 559 639 626 variis
651 559 850 650 siphonibus
861 561 985 626 humor

144 651 214 717 Ora
225 649 337 716 modis
348 665 466 716 vatum
481 647 529 714 fin
555 647 580 714 't
618 650 866 715 otentiamiris·

142 741 222 809 Hac
236 739 344 832 elegos
359 781 370 825 ‚
388 737 448 803 illa
458 737 527 802 mol
542 761 575 801 es
586 674 627 801 de
644 752 735 827 parte
744 737 926 890 phaleucos¹
996 791 1002 806 ‚

144 829 321 914 Continud
336 828 384 894 ire
397 827 526 892 datum.
544 824 688 917 Tragico
701 851 743 892 vo
757 845 887 893 vuntur
900 821 1006 894 iambi

146 919 237 986 Cum
250 918 382 1006 sonitu3
397 917 490 982 her'o'i
499 915 642 1008 grandes
652 917 785 1008 placido
795 941 815 982 a
874 918 931 983 ine
944 907 1108 984 currunt!

144 1006 341 1075 Labiturad
353 1029 513 1072 numeros
525 1004 707 1071 modulatis
722 940 882 1075 fluctiiiil's
898 1008 972 1074 odet
1134 1025 1138 1030 ·

142 1099 224 1192 Ipsa
232 1097 299 1163 loci
308 1096 407 1162 facies
420 1094 535 1161 oculos
547 1094 670 1162 invitat
682 1087 822 1162 dantem
836 1135 846 1186 9

142 1193 362 1280 Aspectuque
376 1209 438 1250 suo
449 1183 589 1250 mulcet.
608 1184 791 1276 Consurgit
807 1188 845 1251 in
863 1201 962 1272 auras

145 1275 331 1343 Tectorum
345 1275 385 1339 in
400 1272 511 1340 medio
549 1273 697 1339 eminato
711 1274 833 1340 vertice
850 1299 950 1364 rupes
968 1313 970 1320 ·

144 1368 279 1432 Structa
289 1387 399 1430 manu
413 1391 423 1429 ε
439 1387 524 1428 conc
584 1362 765 1454 positisque
782 1373 823 1428 ei
834 1377 902 1441 arte
913 1363 1035 1455 lapillis

145 1455 315 1522 Naturam
330 1451 501 1520 simulavit
513 1476 610 1543 opus.
625 1451 744 1606 Lonpo
757 1446 879 1518 ordine'
887 1447 1017 1522 circum

145 1545 294 1612 Diversae
308 1541 433 1636 effigies
444 1557 554 1630 stant5
575 1557 607 1607 et
622 1542 701 1631 jacu
714 1555 816 1608 antur
826 1567 923 1634 aquae
939 1544 1010 1610 vim

55 1711 58 1716 Ι
145 1635 232 1702 Ritu
251 1658 395 1725 quaeque
409 1633 621 1723 suoslargam.
635 1632 841 1698 Bicoloribus
854 1633 915 1697 alis
983 1710 986 1718 ,

145 1724 253 1788 Fama
263 1724 380 1790 volans
386 1764 398 1802 ,
416 1723 578 1811 lauroque
588 1738 688 1812 caput
702 1719 856 1787 redimita
867 1719 1010 1808 virenti,

35 1842 38 1850 ·
146 1813 227 1877 AEre
244 1811 309 1877 ciet
322 1835 478 1902 pugnas,
497 1833 655 1900 regesque
668 1811 823 1875 hortatur
834 1811 877 1874 ad
893 1829 999 1876 arma.

146 1901 198 2056 ᾖ)
214 1901 247 1965 It
255 1900 340 1966 lituo
350 1898 451 1990 longe
460 1914 663 1990 proruptum
679 1898 824 1964 flumen.
839 1902 887 1964 At
898 1899 956 1966 illo
971 1881 986 1920 ⁶
1022 1923 1038 1932 ·’

191 1989 292 2056 aeonii
303 2013 372 2056 sese
388 2004 568 2090 properant
576 1989 774 2080 immergere
787 1988 891 2054 olores
903 2037 913 2076 ,
1044 2016 1048 2020 ·

132 2079 303 2168 'Cumque
319 2078 422 2144 undu
438 2102 598 2143 numeros
607 2092 642 2142 et
655 2079 782 2142 Martia
797 2079 948 2143 carmina
963 2079 1109 2144 ducunt..

193 2169 291 2232 Parta
307 2167 371 2240 alia
385 2166 510 2230 auratis
526 2165 678 2254 graditur
694 2191 729 2230 re
752 2163 1025 2252 inaeothurnis·,‘

144 2253 255 2321 Scissa
267 2277 401 2320 comam
416 2301 426 2340 ,
441 2254 568 2338 laniata
583 2277 697 2344 genas.
713 2191 807 2318 ‘lium
817 2255 954 2346 cuspide
970 2257 1058 2322 aava

145 2346 211 2410 Ilia
227 2343 439 2435 transadigit.
455 2343 584 2432 Liquor
594 2343 663 2419 alto
675 2343 814 2408 vulnere
825 2346 945 2410 manat

148 2435 202 2500 Pu
243 2456 366 2522 ureus3
386 2457 556 2523 verusque
565 2448 673 2524 puteat
687 2458 786 2498 cruor
798 2433 855 2498 ille
868 2435 985 2500 videri.-
1019 2463 1021 2468 ¹

149 2461 311 2616 (2)ιῖΙίηο
323 2523 443 2615 tragici
452 2537 574 2614 ‚potant
589 2567 600 2610 ,
618 2539 816 2614 mentesque
827 2523 870 2588 ad
887 2525 1025 2616 grandia
1039 2525 1181 2617 fingunt

122 2624 126 2630 '
147 2614 303 2680 Crimina
312 2613 457 2701 {ortunae
467 2611 635 2678 cantanda
648 2659 659 2700 ,
673 2611 850 2703 virumque
859 2612 1008 2704 labores,
1023 2641 1026 2658 ·
1066 2629 1071 2638 ⁴

147 2705 192 2768 Et
209 2719 352 2794 magnos
367 2728 482 2768 rerum
494 2701 563 2768 fato
580 2704 644 2768 sub
659 2701 791 2768 vindice
807 2727 916 2770 casus.
947 2779 949 2786 y
1081 2785 1083 2790 Ι

147 2795 195 2856 At
206 2793 327 2858 Venus
345 2791 384 2855 in
396 2793 550 2858 brevibus
561 2793 668 2858 soccis
679 2807 711 2856 et
724 2793 874 2882 simplice
888 2797 1036 2882 amictu,

148 2883 337 2970 Sparsaque
351 2880 526 2948 inornatos
541 2880 649 2946 crines
662 2903 721 2972 per
733 2883 880 2948 eburnea
894 2885 979 2950 colla
993 2932 1005 2971 7

148 2969 202 3126 33)
217 2967 252 3034 N
253 2969 378 3060 egleot'o
396 2981 428 3034 'et
443 2971 540 3036 cultu
551 2968 749 3059 formosior,
762 2971 916 3062 improba
927 2973 1050 3065 gaudet

171 3057 268 3150 urgia
282 3073 314 3122 et
326 3057 462 3160 insanas
475 3060 641 3148 juvenum
659 3083 858 3150 componere
872 3062 966 3150 lites3
988 3094 991 3105 ›
1074 3077 1077 3086 ‘

150 3151 323 3240 Furtaque
337 3193 348 3235 ,
365 3148 462 3214 servrl
520 3170 563 3212 ne
575 3147 690 3233 dolos,
710 3162 906 3238 vanumque
918 3153 1127 3219 thrasonem·

149 3238 407 3330 Subductosque
419 3173 633 3326 seffloculos
649 3283 659 3323 ,
678 3237 761 3304 dum
771 3241 899 3324 stertit,
916 3265 1026 3308 avaro.

149 3327 252 3394 Dicta
270 3328 338 3395 deae
355 3353 393 3394 ac
403 3325 628 3419 ¹gestustaciti
644 3327 814 3394 mirantur
826 3353 969 3406 amores.

150 3417 214 3482 Illa
228 3419 292 3484 levi
309 3419 427 3484 feriens
441 3435 564 3486 terram
576 3416 678 3508 pede,
700 3419 832 3520 prolicit
845 3445 982 3486 amnem
999 3444 1008 3486 ε

152 3505 255 3571 Unde
267 3507 408 3599 bibunt,
424 3510 518 3600 queis
535 3523 595 3576 aut
612 3507 719 3577 divini
734 3507 825 3577 fama
841 3511 1053 3599 Menandri,

189 3663 231 3732 (ι)
252 3662 369 3713 Heroi'ca
386 3666 488 3734 potitis.»

189 3735 231 3802 (2)
252 3736 403 3804 Tragoedia.

148 3871 151 3889 Ι
185 3808 231 3877 ¹(3)
250 3807 399 3862 Comoedia.
492 3860 494 3865 ,
