2666 4452
160 231 233 322 ml
441 235 874 298 crunrrau'

190 343 290 442 'Ergo
300 337 430 414 solenni
443 349 527 414 dum
539 349 627 413 fiunt
641 348 709 412 ritu
723 349 822 413 Sacra
835 341 852 434 ‚-
948 392 951 402 ·

121 471 131 488 ¹
203 443 247 507 Et
262 441 351 505 inter
369 458 488 504 omnes
505 439 618 526 studio
629 441 775 502 certatur
787 437 881 528 pari,

202 533 254 598 De
264 553 358 594 more
372 545 479 620 grates
489 527 586 594 Divis
599 527 851 592 Immortalibus

200 618 362 684 Oratione
374 619 451 708 quis
464 618 624 708 rependat
638 616 797 706 publicat

202 707 492 774 Mendarevisum
510 707 717 772 estPsittaco
732 702 1061 807 bancprorinciar'nr‘
1106 699 1111 708 ’
1201 771 1204 777 ,
1253 695 1260 712 '

201 797 263 863 Ille
281 799 457 864 obsecutus
470 796 557 860 ultrb
574 793 767 860 frondosam
779 795 888 864 insrlit
928 845 931 852 .

201 887 360 954 Protinus
371 888 409 952 in
419 885 553 951 ulmum
566 909 578 973 5
592 885 766 974 multaque
775 885 814 956 in
831 883 997 949 honorem
1013 875 1131 948 Deum

201 977 363 1043 Praefatus
379 974 486 1066 gentis
500 975 625 1040 labitur
636 976 675 1039 in
684 974 820 1038 laudem
831 995 921 1062 suae3

203 1067 247 1132 Et
264 1064 398 1156 quasin
418 1089 531 1129 unum
548 1078 740 1154 quemque,
756 1081 828 1129 non
846 1063 947 1155 parci
962 1075 1070 1128 manu
1080 1105 1093 1153 7

202 1155 334 1221 Natura
350 1153 441 1219 dotes
453 1153 602 1239 fuderat,
619 1155 718 1220 solers
732 1155 835 1219 canit.
886 1180 888 1186 ’
969 1155 972 1162 ’

202 1242 366 1310 Luscinia
377 1244 526 1334 palmam
539 1242 630 1309 vbcis
646 1243 723 1308 ante
733 1241 818 1332 ‚allas
836 1259 911 1308 ares

200 1333 335 1398 Tulisse
349 1333 465 1398 fertur.
482 1323 627 1418 Canrlirli
638 1329 775 1398 laudem
788 1328 907 1422 iugenl
1141 1393 1148 1404 ,

190 1421 335 1488 *Habuit
352 1423 558 1510 Columbus5
577 1419 737 1496 Turturis
754 1417 914 1488 blandam
926 1421 1107 1511 indolem,
1153 1469 1160 1483 .
1183 1443 1197 1468 ·

201 1511 364 1602 Studium
381 1513 575 1602 inquietum
592 1512 751 1596 Passeris,
771 1513 916 1602 Prognes
928 1510 1055 1599 fidens,
1153 1569 1155 1574 .

203 1603 338 1668 Meritis
349 1603 470 1668 Orator
486 1601 679 1693 praedicavit
690 1600 856 1667 cantibus.

201 1690 275 1758 Nec
290 1692 393 1783 pigris
403 1692 519 1760 avibus
533 1693 622 1758 certb
638 1691 801 1782 pernicies
817 1693 976 1842 Μοῑοῖες
1020 1725 1023 1734 ¹

201 1781 237 1845 N
238 1805 274 1845 ec
290 1783 351 1870 qui
360 1797 550 1846 morantem
565 1777 683 1866 Gallus
696 1777 867 1846 Auroram
885 1805 921 1846 so
934 1789 967 1844 et

203 1870 314 1936 cantu
332 1870 522 1960 increpare,
534 1869 632 1952 laude
644 1871 913 1936 caruerunrsua.

202 1958 300 2044 Quin
314 1976 346 2026 et
361 1975 519 2048 senectae,
537 1960 605 2050 qub
616 1960 753 2051 praeibat
768 1960 913 2045 caeteris,
946 1963 950 1970 ’

200 2049 341 2140 Insigne
354 2051 480 2138 Corvus
492 2049 620 2114 rettulit
632 2051 852 2138 praeconium.

200 2137 366 2227 Tibique‚
381 2138 498 2222 Bubo,
518 2136 651 2202 virtutis
669 2138 873 2202 loco'datum
893 2153 965 2225 est,
1057 2213 1061 2216 .
1152 2217 1154 2222 Ι

199 2226 281 2309 Qub
293 2226 369 2292 vitae
380 2247 460 2290 cum
474 2225 517 2289 sis
528 2237 560 2290 et
568 2241 683 2288 rerum
695 2211 896 2291 cornm'ercio

200 2314 345 2382 Cuilibet
361 2315 518 2406 ineptus,
540 2329 572 2380 te
585 2314 764 2404 prudentor
778 2317 953 2381 subtrahas
964 2329 991 2405 ‚²
1092 2363 1099 2394 ,
1177 2337 1190 2362 ·

159 2451 162 2458 -
199 2405 365 2496 Solusque
377 2404 473 2472 caecis
487 2404 596 2480 virere
612 2403 651 2469 in
668 2404 800 2470 latebris
817 2431 919 2473 ames

199 2497 254 2562 Sic
268 2497 408 2584 demum
421 2495 464 2562 a'd
476 2519 593 2560 omnes
609 2519 685 2586 pars
701 2495 810 2561 laudis
822 2498 914 2564 venit
927 2496 1017 2586 suae,
1083 2545 1090 2558 ·

198 2585 252 2654 Ut
261 2587 330 2653 esse
342 2585 452 2677 quivis
465 2601 550 2650 sorte
565 2601 744 2650 contentus
761 2603 874 2676 queat.

197 2675 334 2741 Tamen
351 2675 523 2766 malignus
543 2675 689 2742 Corvum
706 2677 789 2742 litor
805 2676 912 2742 exedit
928 2705 937 2768 3

198 2765 336 2854 Sibique
349 2787 495 2830 moerens
508 2760 598 2831 vocis
616 2781 767 2856 ereptum
782 2765 883 2832 decus
898 2808 909 2856 ‚
981 2841 983 2846 ,
1007 2766 1020 2792 ’

197 2853 299 2918 Diras
310 2870 466 2943 precatur
481 2854 675 2920 immerenti
692 2856 849 2922 Psittaco.
943 2913 947 2922 .

198 2939 294 3008 Dum
310 2943 420 3008 multa
435 2968 551 3012 secum
570 2944 708 3010 crocitat
719 2946 889 3032 ,occurrit
900 2945 1015 3038 ferox,
1122 2963 1125 2970 “

196 3031 343 3100 Cristam
359 3035 502 3124 superbo
516 3035 606 3100 fastu
626 3035 744 3099 Gallus
760 3036 907 3127 arrigens
922 3063 931 3126 3

197 3122 286 3214 Ergo
297 3122 457 3208 canendi,
473 3124 617 3187 Psittaco
631 3123 659 3187 si
673 3123 836 3210 creditur,
902 3175 906 3184 .

196 3213 260 3280 Jus
273 3213 395 3298 solam,
410 3211 513 3298 dixit,
531 3233 635 3276 omne
646 3211 848 3298 Lusciniarn
860 3227 909 3280 est
919 3203 1047 3308 penes,¹
1105 3236 1111 3246 '

195 3304 424 3396 Longumque
433 3301 536 3367 ‘nobis
554 3299 679 3380 dicitur
695 3301 880 3392 silentium.

196 3393 295 3460 Tales
313 3397 354 3460 ab
368 3409 465 3458 antro
483 3393 578 3466 Bubo
596 3417 691 3458 voces
703 3394 809 3461 audiit
822 3419 831 3483 3

195 3482 319 3552 Secum
335 3499 367 3549 et
383 3483 553 3552 revolvens
569 3484 709 3570 tacitus,
722 3507 809 3550 num
824 3486 945 3576 pariter
956 3486 1020 3554 sibi

196 3573 246 3638 Sit
261 3573 410 3663 aliquid,
430 3573 521 3640 undle
540 3576 685 3640 Psittaco
701 3586 917 3667 succenseat3

4 3749 9 3754 Ι
195 3660 277 3725 Nou
286 3662 389 3752 digua
398 3664 543 3730 solitudo
558 3665 631 3730 laus
641 3665 711 3730 visa
725 3682 776 3730 est
791 3667 889 3754 satls3
934 3740 935 3744 η

115 3773 120 3832 '.
193 3749 238 3815 Et
249 3749 495 3820 vindicandum
512 3753 617 3821 credit
628 3753 786 3822 inustum
796 3755 950 3834 dedecus.
