2674 4454
278 229 373 328 ,34
469 251 535 272 ’·
638 215 1016 328 nonrrcn.¹

325 357 476 456 improbi
495 348 734 456 prdducantur
751 357 789 428 in
807 379 947 464 scenam
964 407 980 450 ,
1006 371 1044 428 et
1067 351 1187 430 miseri
1208 383 1269 430 re·

326 471 596 558 praesententur.
1205 485 1208 493 ·

374 553 417 624 Id
446 558 550 652 porrd
574 559 673 624 tanto
694 551 830 624 licitum
856 553 969 652 magis
994 551 1213 644 censebitur5
1241 553 1272 622 si

244 713 249 728 s
285 687 287 694 ’
326 667 389 724 aut
411 651 465 724 vir
480 651 653 750 optimus,
673 650 948 744 ditmvexatur·
965 653 1011 724 ab
1039 651 1182 738 homine
1201 676 1269 720 ne·
1322 721 1329 738 ,

307 749 513 848 ‘quissim0,
537 747 733 846 periculum
745 791 748 794 -
759 747 808 818 sic
826 749 975 838 evadat,
1000 765 1042 819 ut
1061 749 1100 819 in
1117 745 1244 824 eodem
1254 799 1272 833 ,

265 878 284 953 ὲ
315 845 390 948 ⁴qui
402 845 622 918 machinatus
636 862 714 915 erat
726 845 818 916 illud
826 899 844 932 ,.
851 845 1051 919 involvatur
1057 857 1072 938 '3
1091 863 1153 917 aut
1166 843 1196 916 si
1208 872 1272 944 pc-

325 959 403 1018 reat
419 944 479 1015 ille
493 943 643 1044 quidem
659 942 748 1014 nihil
764 943 836 1014 tale
854 943 1022 1035 meritus,
1037 943 1068 1016 is
1086 949 1170 1016 verb
1179 993 1191 1034 ,
1206 941 1272 1040 qui

299 1075 301 1080 ’
325 1041 474 1112 exitium
491 1041 673 1132 attulerit,
697 1041 833 1112 nonsit
854 1057 929 1111 tam
948 1043 1114 1142 nequiter
1132 1039 1270 1128 malus,
1292 1073 1304 1083 ·

324 1138 419 1211 utin
431 1140 590 1223 vexando
603 1137 682 1238 plns
704 1137 953 1210 imbecillitatis
966 1191 980 1230 ,
997 1143 1108 1240 qudm
1131 1137 1274 1208 sceleris

185 1291 188 1298 .
291 1220 298 1250 ¹
324 1233 540 1336 praeseferat.
565 1235 782 1311 Tunc'enim
803 1235 1004 1308 miseranda
1028 1235 1140 1338 magis
1155 1235 1284 1306 videri*

325 1333 434 1432 possit
444 1333 532 1406 boni
544 1334 612 1408 v'm'
629 1333 809 1441 calamitas
819 1386 837 1426 ,Α
850 1337 960 1433 qudm
970 1333 1156 1406 cruciantis
1171 1331 1275 1404 saevi-

325 1432 375 1508 tia
392 1431 614 1506 detestanda.
823 1471 824 1476 1
1045 1475 1047 1480 ·
1133 1479 1150 1516 ,·
1335 1435 1336 1438 ’

372 1530 569 1602 Plurimam
597 1546 728 1606 autem·
741 1530 816 1602 vim
837 1528 973 1600 habent
998 1529 1045 1600 ad
1069 1529 1273 1601 excitandos

324 1623 470 1698 aflectus
488 1655 549 1716 ea,
568 1653 648 1725 quae
665 1627 723 1698 vel
745 1626 839 1704 inter
855 1625 984 1698 amicos
997 1627 1056 1700 vel
1078 1627 1174 1698 inter
1187 1653 1274 1726 cog-

314 1741 423 1800 ¹natos
443 1723 612 1822 sanguine
630 1723 793 1794 atrociter
809 1739 995 1820 geruntur.
1017 1724 1115 1796 Nam
1138 1724 1168 1794 si
1185 1721 1272 1794 hos-

215 1845 218 1852 *
324 1821 369 1892 tis
388 1820 526 1894 hostem
542 1817 727 1910 occiderit,
747 1835 809 1890 aut
824 1817 854 1888 si
880 1819 959 1918 quis
983 1815 1157 1891 afficiatur
1170 1819 1273 1892 in‘u·

323 1918 378 1990 ria
403 1917 503 1991 abeo
514 1969 530 2004 ,
546 1915 608 2016 qui
624 1921 705 1988 edm
716 1914 813 1988 nullo
829 1915 887 1986 vel
904 1916 1067 1988 amicitiae
1082 1918 1138 1988 vel
1155 1849 1275 1989 allini-

264 2073 270 2094 .
301 2017 407 2094 'tatis
426 2015 566 2089 vinculo
587 2013 793 2112 conjunctus
819 2013 896 2103 sit,
931 2015 999 2086 ista
1019 2019 1151 2122 parum
1173 2042 1274 2086 com-

315 2141 465 2188 movere
483 2111 607 2184 solent.
631 2114 684 2184 At
700 2115 781 2182 cdm
797 2111 952 2184 nascitur
969 2109 1162 2192 affectuum
1185 2117 1295 2184 con-'

322 2211 487 2284 tranetas
499 2211 592 2286 inter
608 2237 696 2301 eos,·
706 2235 794 2308 quos
810 2209 1021 2308 cognationis
1037 2209 1095 2282 vel
1108 2209 1274 2282 amicitiae
1293 2221 1297 2226 '
1334 2279 1336 2302 ⁴

326 2307 404 2382 'ura
433 2308 675 2400 devinciunt,
711 2307 769 2379 vel
798 2311 878 2377 cum
906 2324 1044 2380 naturae
1077 2307 1134 2378 lex
1163 2305 1272 2380 officii
1334 2309 1336 2352 ³

338 2408 486 2507 egibu's,
514 2423 577 2478 aut
594 2405 757 2498 violentis
776 2404 1010 2504 cupiditatum
1029 2403 1187 2476 motibus
1210 2434 1274 2476 ce·

324 2505 407 2576 dere
439 2503 610 2604 cogitur,
651 2502 726 2574 haec
784 2501 1044 2574 erturbationes
1069 2499 1272 2595 animorum
1334 2499 1336 2516 ²

323 2603 500 2691 excitant,
520 2628 608 2700 quas
622 2627 704 2672 cum
717 2530 946 2670 delectatione
961 2597 1116 2700 quddam
1129 2599 1272 2672 auditor

322 2699 556 2799 persentiscit.
593 2697 723 2796 Neque
759 2697 854 2768 enim
880 2713 1078 2796 temperare
1109 2699 1269 2798 poterit,
1332 2713 1335 2768 -T

287 2877 289 2880 ¹
322 2796 412 2896 quin
441 2812 571 2870 sortem
595 2793 688 2865 illius
715 2793 831 2864 doleat
861 2792 1122 2886 vehementer,
1160 2821 1271 2896 quem
1332 2777 1335 2860 l

312 2870 562 2966 -vexatumlab
586 2919 628 2964 eo
652 2890 810 2984 viderit,
842 2893 956 3002 aquo
982 2917 1122 2990 sperare
1145 2894 1271 2991 praesi·
1333 2879 1335 2944 l

248 3081 251 3088 .
322 2991 423 3068 dium
444 2990 648 3082 debuisset3
672 2989 750 3074 imo
776 2989 839 3090 qui
861 2987 1029 3086 injuriam
1055 2989 1270 3092 plerumque

323 3115 363 3161 ac
377 3093 607 3189 poenamnon
619 3083 765 3177 inferat,
781 3085 849 3156 nisi
864 3086 1059 3178 reluctans,
1081 3087 1247 3160 etaliend
1255 3142 1268 3183 ,
1332 3139 1334 3184 4

294 3183 297 3189 ’
322 3214 433 3288 quam
452 3184 708 3284 memetipse,
735 3183 941 3260 necessitate
963 3186 1175 3282 compulsus.

326 3335 332 3350 .
372 3285 546 3385 Magnum
583 3310 665 3382 ergo
695 3283 802 3353 decus
835 3297 871 3351 et
890 3299 1148 3364 'ornamentum
1179 3283 1271 3356 actio
1301 3261 1334 3352 ἱἱ

310 3385 472 3483 Tragisa
492 3397 682 3454 mutuatur¹
699 3379 744 3450 ab
770 3378 896 3449 amoris
914 3379 972 3452 vel
988 3382 1168 3480 sanguinis
1185 3383 1270 3474 vin·
1332 3377 1333 3380 ¹

320 3480 425 3569 culo,
444 3508 514 3581 quo
532 3478 753 3550 calamitosus
770 3476 875 3548 homo
898 3495 934 3549 et
950 3477 1268 3552 illids'calamitatis

322 3574 448 3650 artifex
462 3577 770 3676 constringimur(
787 3577 921 3648 Verum
942 3576 1155 3648 incruentis
1174 3578 1270 3676 ejus·-
1296 3611 1299 3622 ·

318 3675 418 3749 modi
424 3672 634 3748 facinoribus
641 3725 653 3764 ,
668 3680 748 3776 quae
755 3675 969 3786 propinquos
980 3674 1073 3746 inter
1081 3675 1265 3768 eveniunt,

321 3771 514 3847 videndum
538 3787 612 3864 est,
639 3775 751 3864 ndm,
775 3796 837 3873 qul
862 3771 1008 3845 molitur
1023 3773 1126 3866 alte'ri
1143 3775 1268 3876 pemi-
