2680 4448
269 276 439 326 aaran
473 259 780 328 ‘seramus'
1107 253 1189 354 {29

53 369 277 464 Splendidior
288 374 449 442 fortuna:
465 380 561 467 juvat
577 377 641 442 sub
652 390 895 469 pauperetecto

54 464 209 529 -Sinceris
224 465 386 554 dapibus,
398 467 604 556 mundaeque
620 467 817 533 accumbere
832 490 956 534 mensae
968 485 984 536 ε’

60 553 168 635 Nulla
184 555 243 619 ubl
253 555 474 647 languentem
486 557 596 622 dubiis
611 557 778 622 medicata
790 557 928 622 venenis

39 641 253 710 ‘sollicitant
270 646 484 714 stomachum
494 647 647 713 convivia
665 673 674 711 t
696 647 795 710 nulla
805 645 959 736 ¹superbis

63 732 251 800 Parietibus
263 751 369 802 textas
385 737 541 838 pandunt
555 737 661 802 aulaea
668 735 811 826 figuris:

1 903 4 910 .
64 821 147 888 Non
160 826 267 889 aureis
282 826 402 917 lychm
416 827 651 916 laquearibus,
674 827 785 890 addita
802 823 939 915 lychnis
965 861 972 868 ¹·

64 912 241 1002 Balsama,
257 941 320 980 nec
337 917 488 982 tenebras
499 915 646 1006 pretioso
661 916 796 1003 lumine
808 914 975 1006 vincunt,

65 1001 139 1069 Nec
151 1003 278 1070 bibitur
291 1005 452 1096 gemmis,
470 1001 617 1096 Ty'riove
627 1007 770 1070 cubatur
786 1006 824 1069 in
840 1021 952 1070 ostro:

4 1103 21 1130 ·‘
66 1093 117 1157 At
129 1093 219 1158 bona
232 1094 427 1186 ¹simplicitas
442 1141 451 1182 ‚
468 1088 504 1160 at
516 1096 675 1186 inemptae
692 1093 817 1160 felcula
831 1090 961 1186 frugis,

67 1183 183 1248 Aurea
194 1207 260 1273 pax
276 1232 286 1271 ,
306 1201 338 1250 et
350 1209 435 1276 pura
446 1183 547 1276 fides,
562 1202 595 1250 et
607 1185 867 1274 tutavoluptaS,

67 1273 184 1354 Anxia
192 1274 345 1340 ¹sollicitae
358 1275 535 1366 detergunt
552 1275 670 1362 nubila
681 1275 796 1340 fronti.

29 1408 36 1418 ‹
113 1362 268 1453 Aspicis,
286 1380 325 1430 ut
343 1365 472 1431 siccum
486 1364 605 1429 referat
621 1365 678 1429 Sol
696 1365 869 1454 proximus
884 1389 1039 1454 annums,

42 1519 45 1528 ,
67 1451 119 1518 Ut
130 1454 285 1551 Procyon
294 1454 376 1520 furit
390 1499 400 1540 ,
418 1469 459 1518 ut
472 1454 585 1518 vesani
597 1453 690 1518 stella
703 1453 826 1516 Leonis
839 1498 849 1538 ‚

66 1541 187 1608 Clarus
199 1559 230 1607 et
241 1542 468 1610 Andromedae
484 1542 601 1633 rapido
616 1558 710 1633 pater
727 1543 849 1606 emicat
865 1541 950 1632 igni.

67 1632 148 1700 Jam
166 1631 304 1700 dumeta
319 1657 444 1724 pecus,
461 1633 572 1722 pecori
584 1634 655 1720 jam
671 1647 782 1722 pastor
796 1655 900 1720 opaca

67 1722 270 1812 sylvarum,
289 1740 320 1787 et
334 1722 481 1813 liquidos
501 1721 621 1811 quaerit
657 1746 692 1785 er
709 1719 930 1792 deviarivost

69 1808 114 1880 Et
134 1811 243 1899 sedet,
259 1828 290 1876 et
305 1811 445 1877 blandos
459 1811 588 1877 calamo
600 1747 724 1877 solatur
738 1835 866 1876 amores
908 1851 913 1864 ·

69 1902 199 1968 Arbore
207 1901 365 1968 defensus
377 1901 492 1992 patuld
501 1949 512 1981 ,
531 1902 645 1967 fremit
657 1899 891 1987 omneffltenello

70 1991 191 2056 Balatu
201 2016 323 2057 nemus
340 2019 348 2057 ε
361 2007 401 2056 at
418 2015 503 2056 saevo
521 2007 608 2056 caret
621 1991 714 2056 unda
728 1990 881 2054 tumultu

71 2081 264 2145 Ventorum
278 2129 287 2167 ‚
306 2105 445 2172 posuere
459 2079 562 2168 Noti,
578 2081 634 2146 vix
652 2079 798 2146 flumina
810 2079 932 2170 crispat

71 2169 216 2235 Summa
223 2163 303 2236 leiis
322 2171 498 2262 Zephyrus
511 2217 521 2258 ,
535 2171 591 2237 vix
604 2195 715 2261 presso
732 2168 841 2234 sibilat
858 2193 925 2235 ore.
1017 2207 1030 2226 x·

117 2260 311 2338 Multarum
323 2261 451 2326 interea
463 2259 570 2326 fessus
583 2257 759 2325 molimine
777 2283 893 2323 rerum
937 2291 938 2294 ¹

72 2348 128 2414 Tu
143 2350 292 2420 Romam
305 2346 480 2442 ingentem
492 2348 721 2438 Capitoliaque
732 2348 802 2410 alta
808 2346 911 2410 tueris
922 2371 932 2409 ε

72 2437 117 2504 Et
126 2435 205 2527 ,jam
219 2441 333 2504 animo
346 2437 425 2503 seris
435 2437 619 2502 metuenda
631 2434 809 2524 nepotibus
823 2458 919 2498 arma

72 2528 246 2619 Praecipis,
266 2546 297 2594 et
308 2529 426 2619 longos
441 2549 538 2592 curas
548 2525 699 2591 extendis
711 2525 750 2589 in
763 2547 871 2588 annos
886 2549 894 2586 ε

73 2618 170 2702 Quid
181 2618 308 2710 Scytha
322 2665 332 2707 ‚
345 2617 430 2709 quid
443 2617 530 2706 Cyro
548 2615 722 2706 quondam
738 2627 875 2703 regnata
890 2611 1087 2686 minentur·

71 2707 211 2798 Bactra3
253 2709 333 2795 uid,
352 2724 385 2773 et
399 2721 557 2771 nostrum
565 2705 693 2774 Tanais
706 2703 766 2795 qui
779 2701 898 2769 dividit
910 2702 1058 2792 orbem‚'
1087 2749 1094 2784 ,-

72 2735 251 2888 Etprocul
263 2795 769 2864 EoomoveantelittoreSerest
924 2804 928 2813 '
1099 2813 1125 2857 ·.

72 2887 252 2978 Quicquid
260 2889 340 2975 erit,
355 2887 474 2954 seriem
485 2885 574 2952 hanc
584 2886 753 2976 prudens3
768 2882 970 2976 penitusque
979 2882 1093 2952 futuri
1133 2927 1139 2934 ·

73 2976 255 3068 Temporis
265 2994 403 3044 eventus
414 2978 479 3042 alu
491 2975 633 3068 caligine
648 2968 765 3042 mersit
1053 3045 1055 3050 ,

74 3065 231 3157 Jupiter,
248 3085 348 3172 atque
358 3068 542 3149 hominum
557 3065 644 3130 male
656 3064 794 3158 provida
810 3059 944 3154 pectora
956 3062 1064 3154 ridet,

74 3155 141 3222 Fas
151 3172 268 3247 praeter
279 3182 307 3222 sr
320 3158 396 3248 quis
411 3155 553 3248 trepidat
570 3155 741 3242 mortalis,
760 3153 895 3219 et'ultrb
915 3162 931 3174 ”

73 3246 258 3311 Praecurrit
272 3247 389 3312 dubios
405 3245 494 3312 certd
510 3245 691 3311 formidine
706 3267 814 3310 casua.
893 3287 899 3298 =

19 3335 29 3348 '
74 3333 134 3400 Tu
148 3382 158 3423 ‚
179 3335 271 3426 quod
283 3337 395 3421 adest,
411 3336 509 3424 aequd
522 3359 721 3425 componere
731 3332 1002 3419 mentelabores,
1109 3328 1112 3332 ’

73 3424 154 3490 Ηοο
172 3428 307 3492 tautum
325 3425 478 3490 :incerto
495 3420 658 3489 labuntur
672 3437 790 3487 caetera
802 3420 902 3484 fluxu

74 3515 226 3580 Tibridis
238 3515 276 3579 in
288 3537 418 3580 morem
431 3559 441 3600 ‚
461 3501 571 3578 medio
579 3513 649 3602 -qui
660 3510 815 3576 conditus
832 3506 925 3586 alveo

74 3603 184 3669 Nunc
197 3603 295 3682 fluit,
313 3621 344 3670 et
358 3603 514 3670 Tuscum
527 3601 596 3668 leni
606 3601 688 3690 petit
702 3599 836 3689 agmine
851 3599 1018 3686 marmor3
1042 3648 1045 3666 0

25 3739 30 3746 ·
76 3692 184 3759 Nunc
201 3694 348 3786 lapides,
367 3693 547 3780 vulsasque
563 3691 642 3756 imis
656 3687 824 3754 radicibus
842 3699 962 3774 ornos,

6 3835 8 3840 ,
76 3783 320 3878 Pastoresquo,
340 3807 519 3877 gregesque
536 3796 650 3875 rotans
666 3777 748 3846 furit
768 3803 776 3841 τ
793 3799 911 3870 aspera
927 3776 1009 3855 coelo
1087 3831 1089 3836 .
