2680 4448
153 243 225 360 oa

434 259 808 312 cunnum

311 402 408 474 AD
467 398 1021 474 CENSORINUM.

468 587 552 636 ODB
576 583 674 636 v111.
700 590 786 635 LIB·
815 591 870 635 1v.

253 669 521 806 Domum
530 743 717 826 poteras,
737 742 927 894 ἕναιέἷιιε
951 720 1176 797 commodus

871 849 916 894 us
930 853 943 892 .·

255 825 482 912 Censoriae,
506 849 600 894 mets
619 847 695 894 oero
717 821 813 894 sodo

251 923 445 994 Donarem
467 919 636 1020 tripodas
647 972 662 1005 ,
679 921 841 1020 proemio
849 919 1015 1016 finium
1059 993 1073 1008 ,

257 1019 489 1116 Grajorurn=
512 1043 636 1119 neque
661 1035 708 1088 tu
753 1019 891 1088 essirno
914 1039 1108 1088 munerum

249 1117 384 1186 Fenes
395 1165 410 1198 ,
431 1111 548 1188 divite
570 1140 631 1186 rne
653 1045 804 1186 scidiset
826 1117 965 1186 ortium
991 1189 994 1198 ,

252 1212 359 1308 Quas
379 1227 449 1280 aut
464 1211 692 1310 Parrhasius
742 1209 873 1282 rotulit
888 1229 963 1282 aut
981 1211 1123 1310 Scopas
1138 1240 1152 1279 .-

245 1309 326 1380 Hic
348 1333 448 1378 saxo
456 1357 471 1392 ,
499 1307 528 1380 li
555 1306 660 1380 uitiis
679 1239 748 1378 iffi
772 1305 959 1380 coloribus

247 1403 388 1478 Sollers
409 1427 507 1476 nunc
579 1406 717 1477 minem
727 1419 901 1506 ponere,
922 1431 1021 1476 nunc
1046 1403 1196 1479 Deurn.¹

249 1607 333 1684 Sed
345 1635 418 1682 nou
437 1608 518 1685 ltoec
540 1607 635 1680 milti
653 1613 741 1681 vis:
764 1635 834 1682 nec
855 1609 927 1681 tibi
947 1608 1082 1682 talium

250 1711 332 1781 Res
354 1724 434 1798 est,
459 1723 531 1778 aut
547 1710 697 1779 animus
721 1705 947 1780 deliciarum
969 1732 1110 1807 egens,

256 1867 416 1941 Gaudes
433 1867 688 1953 carminibus,
713 1872 883 1940 connino
896 1896 1104 1970 possumus

247 1967 404 2042 Donate
410 2017 427 2053 ,
449 1981 491 2038 et
499 1967 670 2066 pretium
697 1963 827 2039 dicere
850 1971 1006 2042 muneri.

245 2240 332 2312 Non
354 2243 476 2312 inciso
493 2243 592 2312 notis
606 2266 790 2312 marmora
801 2238 999 2340 publicis,

245 2339 327 2411 Per
346 2362 430 2439 quoe
445 2341 601 2438 spiritus
621 2356 663 2409 et
677 2340 760 2410 uita
783 2337 887 2411 redit
911 2336 1017 2409 bonis
1128 2373 1132 2380 ·

245 2437 343 2509 Post
359 2454 513 2510 mortem
533 2433 694 2506 duoibus
713 2466 725 2506 .·
745 2462 817 2506 non
834 2433 976 2506 celeres
979 2435 1120 2534 fitgoe,

246 2535 492 2633 Rejectoeque
512 2535 710 2604 retrorsum
730 2529 934 2606 Annibalis
959 2535 1081 2606 minae.

246 2631 334 2702 Non
355 2629 547 2708 incendio,
565 2629 805 2732 Cizrthoginis
826 2633 950 2730 impioe
958 2681 973 2714 ,

245 2729 366 2826 EjuS,
387 2731 454 2828 qui
475 2728 622 2800 domitd
641 2755 774 2799 nornen
797 2727 1009 2824 obAsricd
1075 2737 1092 2771 ⁹

247 2825 434 2896 Lucratus
454 2825 594 2912 rediit,
621 2823 762 2900 elanus
793 2825 967 2896 indicant

171 2909 176 2928 ’
246 2919 423 3008 Laudes,
442 2949 558 3024 quam
587 2922 758 2996 Caubroe
778 2921 1013 2996 Pieridess·
1123 2876 1128 2882 ·

250 3597 292 3668 Si
314 3595 454 3674 chance
476 3599 618 3676 sileant
623 3652 645 3700 ,¹
662 3600 767 3702 quod
783 3531 1034 3698 bssnificgig
1035 3533 1085 3691 ἵε
