2632 4452
286 303 462 352 LIBER
512 305 743 352 PRIMUS.

85 396 183 468 Dtm
199 401 300 492 serpit
312 401 376 468 late
388 402 506 504 stygiis
517 402 638 468 emissa
650 385 821 487 cisternis,

41 489 88 558 'Et
98 491 209 584 magis
226 509 327 582 atque
337 517 446 583 magis
458 492 582 584 spargit
593 491 714 558 lethale
724 517 895 556 venenum

45 584 129 646 Atra
141 581 239 662 lues,
256 583 352 649 terris
366 608 469 672 quam
484 583 588 646 Beren
613 581 703 646 arius
712 581 796 648 olim

43 671 146 736 Orbis
165 672 204 736 in
219 672 365 736 exitium
382 671 475 737 fatali
487 607 627 762 protufit
644 688 744 737 ortu:
790 707 791 714 κ

44 761 88 830 Et
100 786 208 850 quam
217 759 383 840 Calvinus
397 776 471 852 post
486 761 607 829 saecula
624 761 733 846 multa
746 761 936 850 jacentem,

44 851 231 940 Exortique
243 851 335 914 mala
351 868 512 916 renovant
525 851 675 942 destirpe
686 867 836 942 nepotes.

44 938 169 1005 Adfuit
182 956 214 1006 et
225 940 341 1018 Patavi
358 957 456 1030 partu
470 957 647 1031 generatus
660 941 777 1006 eodem

43 1028 209 1094 Pestiferb
220 1046 297 1094 ante
309 1031 390 1096 alios
404 1031 519 1096 doctor
532 1031 737 1097 metuendus
750 1031 789 1095 in
802 1045 885 1098 arte.

43 1119 104 1183 Ille
116 1117 215 1184 nefas
230 1119 381 1184 immane
395 1144 520 1208 ausus,
540 1119 621 1184 dum
635 1145 780 1186 munera
790 1113 937 1206 temnit,
978 1157 981 1160 ·

44 1208 179 1273 Christe
190 1224 250 1274 tua
261 1255 272 1286 ,
288 1225 320 1273 et
334 1209 438 1274 teneri
450 1209 665 1275 memorabile
676 1211 800 1312 pignus
813 1211 936 1275 amoris
950 1255 961 1297 ,

42 1297 281 1363 Christiadum
298 1323 339 1364 ex
358 1298 482 1365 animis
500 1300 634 1388 penitris
647 1299 834 1366 rescrudere
848 1299 957 1390 gestit.

1 1437 2 1448 ,
45 1387 185 1452 Exarsit
198 1389 334 1454 meritas
347 1391 521 1460 Antonius
533 1389 621 1476 ultor
636 1389 674 1478 in
688 1392 755 1456 iras
769 1437 780 1478 ‚

44 1477 223 1544 Francisci
241 1479 374 1542 Soboles
388 1524 397 1564 ,
413 1503 517 1568 quern
532 1481 662 1546 dudum
672 1480 764 1569 regia
777 1479 853 1544 'coeli

1 1565 2 1630 f
46 1565 199 1632 Possidet
212 1566 415 1658 indigetem,
436 1585 467 1633 ot
486 1593 578 1632 sacro
596 1592 795 1632 veneramur
805 1567 945 1633 honore.
965 1649 967 1652 Ι

1 1657 2 1672 ’
46 1655 152 1721 Nulla
164 1680 259 1720 mora
270 1673 319 1720 est
332 1681 342 1742 3
360 1658 437 1719 miti
450 1657 596 1746 alloquio
611 1657 759 1722 mulsere
770 1656 942 1722 'furentem

1 1811 2 1836 p
45 1747 196 1830 Tentat,
212 1761 246 1810 et
257 1747 541 1810 obscuras-animo
555 1746 713 1836 depellere
729 1746 848 1810 nubes.

1 1839 3 1904 ἶ
50 1837 184 1902 Verum
195 1834 254 1899 ubi
265 1858 328 1898 uec
338 1851 489 1900 veterum
501 1836 631 1925 signata
640 1835 776 1903 oracula
789 1836 954 1925 Petrum,

1 1916 2 1996 l
49 1925 121 1990 Nec
137 1924 225 1990 sacri
239 1923 287 1989 vis
303 1924 428 2014 eloquii
444 1924 584 1989 fraenare
600 1925 756 1990 rebellem

6 2071 9 2076 .
51 2015 236 2101 Evaluer03
251 2011 331 2078 alias
345 2013 456 2078 subito
473 2039 652 2080 conversus
666 2015 708 2082 ed
726 2031 835 2103 artes,
891 2013 898 2072 ἶ

50 2109 222 2194 Atneque
236 2103 283 2168 sic
298 2119 413 2168 tamen
431 2102 594 2195 effugies,
610 2105 677 2192 ait,
691 2105 816 2195 impie,
831 2128 893 2170 nec
908 2120 941 2170 te

1 2241 2 2246 κ
53 2195 196 2260 Frustra
213 2192 442 2259 obluctantem
455 2219 593 2260 mecum
606 2211 746 2262 certasse
763 2195 906 2284 juvabit.

1 2284 2 2330 l
52 2283 163 2352 Haud
175 2279 410 2383 pluraeffatus
426 2331 435 2367 ‚
454 2285 593 2374 supplex
609 2285 738 2350 accedit
753 2285 795 2350 ad
810 2309 930 2374 aram,

51 2377 95 2441 Et
104 2371 240 2463 treprdb
251 2395 400 2438 reserans
418 2373 542 2437 Christi
553 2375 737 2463 penetralia
750 2374 865 2437 dextra
877 2420 887 2456 ,

79 2465 152 2530 Hic
165 2461 224 2526 ubi
243 2461 401 2526 divinum
414 2461 503 2552 pixis
514 2464 603 2550 capit
613 2487 714 2528 aurea
725 2461 889 2549 Numen)

104 2551 205 2642 rripit
216 2551 372 2618 exultans
382 2575 476 2616 sacra
493 2549 655 2642 pignora3
675 2575 798 2642 perque
813 2549 1024 2640 frequentem

5 2637 7 2718 l
53 2643 215 2710 Turbam
229 2640 351 2726 infert,
368 2657 480 2731 stupet
493 2641 678 2706 attonitum
690 2639 871 2706 formidine
882 2639 1002 2730 vulgus
1014 2662 1024 2726 3

56 2737 229 2828 Spemque
244 2748 444 2820 metumque
458 2730 547 2795 inter
559 2753 596 2794 se
606 2754 642 2794 se
651 2730 693 2796 ad
703 2729 832 2820 majora
845 2745 1001 2798 reservat.

7 2885 8 2890 ,
101 2827 170 2890 Pro
183 2820 312 2887 foribus
321 2819 457 2910 Templi
470 2821 640 2911 permissis
656 2819 773 2886 mulus
783 2820 923 2887 habenis

58 2914 225 2998 Errabat,
245 2937 314 3001 quo
328 2936 362 2976 se
371 2909 519 2976 mediam
532 2911 655 3000 jactare
669 2937 726 2999 per
742 2911 863 2976 urbem

10 3057 11 3064 ,
59 3006 192 3071 Doctor
202 3001 294 3066 ineis
304 3047 316 3080 ,
334 3000 516 3092 turbasque
525 3023 640 3092 graves
652 3001 761 3066 excire
774 3001 910 3066 solebat.

62 3097 133 3162 Hic
148 3090 259 3158 animi
271 3091 378 3156 fidens
389 3091 563 3156 Antonius
574 3139 584 3178 ,
594 3087 701 3180 atquo
712 3091 858 3158 verenda

61 3183 224 3275 Defigeus
237 3181 352 3246 oculos
370 3180 408 3244 in
445 3181 554 3269 ixide3
574 3205 632 3246 vos
647 3180 756 3267 mihi,
770 3182 877 3266 dixit,

62 3277 137 3342 Vos
152 3296 270 3364 precor
284 3207 470 3362 ,opopuii,
489 3269 636 3362 placidas
649 3269 808 3336 advertite
819 3282 971 3358 mentes,

12 3377 13 3382 ’
63 3365 100 3430 Si
118 3360 248 3429 Christi
256 3381 315 3426 vos
329 3359 438 3450 tangit
451 3359 579 3444 honos,
598 3359 627 3425 si
645 3385 726 3425 cura
743 3361 860 3426 salutis

67 3451 290 3522 Exstimulat.
303 3447 426 3537 Tuque
441 3460 519 3514 ante
533 3449 636 3532 alios,
651 3449 691 3512 de
705 3449 839 3513 tramite
854 3462 944 3512 recto

67 3529 186 3630 Quem
200 3541 293 3606 mala
307 3535 472 3628 sacrilegae
482 3537 575 3602 flexit
589 3539 744 3625 contagio
758 3549 877 3622 sectae3
973 3557 974 3560 ¹

68 3637 259 3701 Brutorum
272 3627 424 3719 exemplo
437 3642 635 3718 praesentem
647 3625 736 3691 disce
747 3623 851 3691 vereri
880 3649 883 3660 ¹

70 3727 207 3816 Exiguo
225 3721 288 3786 sub
301 3719 385 3786 farre
394 3719 510 3784 Deum
523 3744 532 3806 3
547 3714 770 3784 moxlumina
781 3715 940 3804 flectens,

71 3812 342 3906 Respiciensque
353 3811 441 3878 retr«)
454 3810 525 3900 qut
538 3833 575 3884 se¹
585 3832 619 3880 se
634 3807 749 3876 mulus
767 3807 902 3968 affirm

181 3902 288 3974 Tom.
316 3903 372 3972 II.
