2632 4452
154 498 213 563 Nil
229 498 384 590 agimus,
403 526 466 566 nec
483 501 582 568 verba
598 515 756 584 movent,
773 523 835 563 nec
844 513 1001 574 monstra
1016 505 1206 574 maranen.

152 588 298 654 Securus
316 591 378 654 fati
391 589 581 693 ingreditur
597 589 731 656 funesta
745 589 888 656 Senatds

154 676 294 752 Limina
307 680 514 771 ,multiplici
530 660 730 745 mactandus
748 680 886 744 vulnere
903 679 1023 748 Caesar

199 769 247 832 At
264 784 318 857 te,
336 795 396 860 qur
413 786 550 835 tantum
562 769 704 862 potuisti
720 768 953 841 admittere
907 795 1037 835 cnmen

109 927 112 937 ¹
153 855 301 948 Infelix,
319 885 379 952 par
392 883 491 948 poena
506 876 640 925 manet·
632 883 733 952 ,qum
745 859 910 963 sanguine
923 861 1033 926 tincta

152 946 328 1047 Innocua,
348 965 480 1078 sontem
492 947 615 1018 fundet
628 975 754 1017 manus
767 975 842 1044 ipsa
853 972 1022 1032 cruorem

346 1125 558 1198 Moas
608 1129 896 1210 CASSII

158 1238 330 1355 V1crns
343 1335 353 1376 ,
368 1306 401 1364 et
416 1267 558 1356 Antoni
564 1307 721 1360 metuens
732 1316 842 1382 ,quas
857 1289 1038 1392 fugerat,
1028 1311 1096 1362 rrae

150 1381 306 1468 Cassius,
322 1379 442 1448 excelsi
454 1382 695 1456 conscenderat
710 1338 817 1454 aidus
830 1381 996 1470 collis,

40 1541 41 1548 ,
149 1472 306 1537 Incertus
323 1471 402 1535 belli
417 1471 524 1538 socios
537 1497 614 1562 quae
626 1473 695 1541 fata
709 1489 914 1578 sequantur,

142 1560 279 1646 'Queis
271 1585 310 1625 ιιι
325 1560 347 1627 J
349 1559 502 1626 ul1adem
511 1563 637 1628 Brutus
652 1563 853 1665 pugnaverit
868 1561 983 1630 armis

54 1671 59 1678 ·
143 1652 239 1716 ‘Cum
252 1651 369 1752 procul
382 1652 523 1730 obscuro
538 1653 719 1741 glomeran
736 1649 872 1744 pulvere
884 1651 1033 1739 nubem,

149 1742 195 1806 Et
211 1739 331 1804 mediis
346 1741 497 1825 tenebras
511 1741 595 1808 vidit
608 1767 810 1830 consurgere
828 1742 968 1830 campis

149 1831 316 1894 Romanae
332 1844 492 1930 apparent
508 1828 667 1930 Aquilae,
686 1829 819 1931 lateque
836 1855 895 1918 per
908 1852 1052 1930 agros

89 1941 91 1948 ‘
149 1919 386 2020 Praecipitant,
405 1917 474 1989 ruit
492 1915 608 1995 effusis
626 1911 797 2009 equitatus
813 1917 977 2005 habenis,

150 2009 297 2082 Scuta
267 2033 382 2076 vnum
392 2008 578 2109 galeaeque
576 2006 720 2074 adverso
736 2008 803 2076 sole
815 1967 994 2110 refulgent.

195 2099 277 2173 Non
294 2097 373 2162 tulit
388 2097 477 2165 hanc
492 2096 637 2186 speciem
654 2098 716 2162 fati
732 2123 837 2200 praesa
861 2119 901 2162 us
915 2097 1029 2187 iniqui

150 2187 308 2272 Cassius,
328 2201 360 2252 et
372 2201 459 2271 tristi
470 2185 671 2288 perculsus
661 2211 711 2256 im
756 2212 831 2275 ine,
876 2203 996 2254 rutum

151 2275 357 2350 Exanimem
374 2273 531 2341 cecidisse
527 2291 664 2376 putat,
655 2212 831 2349 acidane
845 2261 987 2348 cadaver

148 2365 336 2455 Objicitur,
351 2379 492 2430 cunctas
503 2365 596 2432 visus
608 2319 763 2444 traihere
754 2387 825 2469 ipse
841 2367 995 2440 cohortes

149 2457 282 2545 Caesar,
297 2473 330 2528 et
345 2453 516 2530 insultans
532 2453 630 2522 vietis
644 2472 793 2522 extrema
809 2455 946 2524 minari.

149 2504 326 2650 Namqieid
341 2569 463 2637 agam,
479 2545 587 2610 dixit?
603 2545 659 2610 οἱιι
671 2563 727 2610 me
739 2545 881 2649 fortuna.
893 2561 1034 2616 reservat

147 2637 369 2710 Immeritum
379 2591 507 2700 fato²s
531 2634 604 2702 oliis
617 2653 739 2703 exutus
753 2651 785 2702 et
798 2635 900 2707 armis
1028 2687 1032 2715 ,

53 2734 57 2740 '
148 2729 230 2812 Quo
243 2725 352 2802 ferar-²
367 2724 472 2817 hostis
489 2659 581 2798 adest
589 2727 798 2831 Brutoque
800 2723 936 2799 absente
950 2725 1093 2794 lacessit.
1152 2723 1162 2747 ⁵

148 2815 275 2880 Brutus
287 2815 352 2898 ubi
363 2829 432 2902 est,
447 2816 599 2920 duxipse
655 2817 718 2882 eris
733 2817 917 2920 sociusque
925 2815 1106 2894 laborqu¹

194 2905 254 2970 Dii
264 2840 668 3010 ,quoruma'uspiciisolP
669 2906 955 3018 aliasumpsunus
968 2931 1086 2996 arma,
1129 2941 1132 2953 ›
1159 2947 1165 2964 .

149 2953 329 3098 Bellaqire
319 3021 357 3060 ιιι
370 2987 570 3073 infandos
541 3021 630 3062 cives
647 2997 896 3100 pugqavimus,
914 2982 959 3060 ali
969 3020 1027 3062 vos

147 3087 204 3152 Sic
215 3085 339 3152 decuit
337 3087 473 3190 ,justas
486 3085 626 3151 adverso
637 3109 785 3150 numine
798 3102 911 3176 partes

147 3175 336 3270 Linquere,
356 3193 387 3248 et
405 3177 530 3244 invisos
544 3191 661 3241 contra
677 3173 797 3240 fovisse
806 3175 1013 3266 Tyrannes²

147 3266 281 3332 Interea
294 3294 370 3360 quae
388 3293 461 3360 spes
476 3265 597 3332 misero
610 3265 698 3346 milii
712 3256 858 3368 denique
869 3266 1000 3332 restat²

148 3355 369 3432 Victoremne
381 3357 498 3424 adeam
514 3341 679 3446 supplex,
696 3355 868 3446 hostisque
883 3353 1019 3448 superbi

147 3445 307 3549 Experiar
320 3448 446 3536 fastus,
466 3448 548 3512 dum
558 3446 689 3538 flagrat
696 3446 823 3549 dextrp
825 3469 945 3520 cruore
1011 3471 1014 3476 ·

147 3534 305 3622 Caesaris,
325 3554 356 3602 et
371 3554 529 3604 numerat
542 3555 674 3642 nostros
691 3536 891 3612 Antonius
883 3551 1001 3620 ictus,

151 3623 268 3711 Hujus
281 3651 341 3716 ego
354 3627 489 3703 arbitrio
507 3630 653 3716 morior,
670 3629 722 3694 vel
738 3651 880 3698 munere
891 3625 1028 3693 viram?

28 3771 36 3776 .
146 3714 310 3780 Infandos
323 3715 380 3780 alii
397 3742 514 3783 currus
525 3718 764 3808 pompamque
769 3733 973 3820 sequantur,

145 3805 189 3886 Et
204 3819 338 3900 trapam
352 3807 537 3889 cumulent
546 3807 669 3890 ιιιιιιιιι
665 3807 876 3912 indignante
887 3802 1122 3912 triumphum,

155 294 230 362 230
399 314 467 362 ιιι
489 273 515 359 ιι
541 315 570 360 ιι
597 309 613 358 ι
637 311 664 358 ιι
688 311 714 358 ιι
739 309 769 358 ιι

154 407 256 474 Curia
271 423 303 476 et
315 382 491 502 inglntem
504 409 576 476 visa
586 425 639 474 est
655 407 851 500 portendere
865 405 1011 482 luctum.

1046 823 1058 866 a
1309 719 1312 892 ι

1310 989 1312 1058 ι
