2680 4448
136 345 138 360 r
233 325 435 382 'einen
482 318 801 384 enarrarre:
1115 307 1198 398 425,

111 433 215 520 ratis,
230 433 317 524 a‘esrio
331 459 390 500 seu
400 433 574 525 quonddm
583 433 623 497 in
632 431 774 500 Volture
787 432 891 522 pinus

59 525 77 588 Ι
191 523 211 594 ,’
228 523 355 589 steteris
372 541 514 594 truncos
531 533 588 588 seu
603 522 781 588 frondibus
798 518 901 612 Alpes

59 613 245 701 Vestieris,
267 613 511 704 dignumcerte
528 619 655 703 genus,
675 612 808 702 altaque
820 613 924 702 sylvae

59 703 262 793 ProgenieS,
285 705 403 794 magni
420 718 548 768 servata
565 701 719 766 Maronis
737 701 776 766 in
794 725 877 766 usus

60 793 194 868 Arbor:
212 818 300 858 onus
318 818 432 880 serva,
452 808 621 884 quantum
640 816 703 856 nec
721 791 822 856 divite
839 787 946 854 mittit

59 881 161 947 India
174 882 273 968 dente
286 881 396 969 ferax,
411 908 521 972 neque
534 881 656 948 nobilis
672 882 775 945 ubere
795 880 898 970 glebae

60 972 258 1062 Memphis,
273 989 305 1038 et
316 973 445 1038 balanti
459 973 538 1036 felix
548 968 718 1036 Pan'cba'ia
733 993 852 1036 messe.

60 1059 192 1156 Nempe
209 1062 271 1127 tibi
284 1061 560 1130 Ausoniae'decus
578 1077 610 1138 et
628 1085 699 1150 spes
717 1061 818 1127 altera
833 1057 965 1150 gentis,
1003 1094 1010 1114 ι

26 1197 34 1204 -
60 1150 177 1216 Altera
193 1157 315 1254 nempe
329 1154 452 1218 animae
466 1150 526 1218 tibi
536 1176 611 1242 pars
628 1165 676 1215 est
686 1150 810 1215 credita
822 1165 945 1214 nostrae
960 1174 969 1212 t

60 1240 138 1310 Duc
175 1267 268 1307 recor
279 1243 499 1330 1ncolumen,
518 1257 549 1306 et
573 1240 709 1332 speratis
726 1239 876 1306 'redditus
893 1237 959 1304 oris
1016 1234 1032 1268 ²

39 1349 41 1356 “
58 1267 207 1396 Palladia
227 1333 363 1398 tandem
380 1347 439 1423 'per
456 1349 488 1398 te
528 1331 652 1416 otiatur
668 1330 781 1394 arend.

30 1492 33 1506 Ι
81 1457 86 1464 -
104 1421 315 1523 Quanquam
331 1422 371 1486 b!
392 1421 476 1510 quid
494 1358 613 1484 dubios
629 1417 738 1508 pelagi
752 1431 887 1483 ,tentare
903 1415 1032 1482 furores
1122 1413 1126 1418 ’

11 1573 22 1594 ‚
60 1510 165 1575 Mens
178 1511 270 1576 furt?
283 1511 356 1576 Ab!
375 1509 463 1574 male
482 1509 525 1574 sit
537 1520 688 1595 ,saevum
701 1507 767 1591 qn'r
777 1506 956 1596 primusin
969 1529 1083 1596 aequor

58 1601 177 1668 Ausus
196 1597 385 1691 inexpertas
401 1598 571 1663 devolvere
587 1596 762 1661 montibus
774 1595 886 1679 aluos,

56 1689 101 1754 Et
114 1689 244 1754 volucri
252 1688 450 1779 imprudens
467 1688 619 1752 animam
636 1685 844 1752 committere
854 1683 953 1758 flatui

55 1777 139 1842 Non
157 1780 208 1844 illi
229 1780 404 1844 humanus
420 1777 509 1843 circa
529 1775 711 1868 praecordia
728 1774 867 1865 sanguis

56 1868 194 1956 Fluxit3
214 1885 248 1934 at
263 1869 374 1934 innati
392 1868 420 1932 ri
445 1892 482 1932 or
496 1865 591 1953 acris,
613 1882 645 1931 et
664 1863 764 1930 effera
780 1862 892 1931 vinxit

4 1995 7 2004 ν
57 1957 167 2024 Corda
179 1957 339 2050 chalybs,
355 1893 479 2046 triplici
494 1971 700 2058 stupuerunt
713 1956 828 2024 robore
840 1952 1015 2018 membra:

54 2047 171 2132 Quem
189 2074 261 2114 non
278 2047 396 2114 AEoliae
409 2045 515 2112 movit
533 2045 698 2110 discordia
714 2045 843 2129 turbae,

53 2136 90 2202 N
91 2163 138 2201 on
151 2137 291 2228 Hyades
306 2137 450 2230 pluviae,
470 2161 541 2201 non
554 2135 843 2226 praecipitantibus
859 2132 959 2198 Euris

53 2225 195 2294 Africus
204 2275 214 2314 ,
231 2244 289 2294 aut
303 2228 418 2330 gelidis
434 2243 565 2293 certans
580 2225 810 2315 Aquilonibus
830 2225 976 2290 Auster:

53 2317 192 2383 Arbiter
206 2318 368 2383 Hadriaci
381 2343 449 2406 quo
462 2339 535 2380 non
552 2316 764 2403 praestantior
781 2315 864 2378 alter

54 2403 217 2496 AEquoris
225 2409 239 2492 ',
258 2406 389 2472 infestis
401 2429 460 2486 sen
472 2403 556 2468 bella
573 2427 706 2468 movere
720 2399 871 2492 propellis
883 2444 896 2477 ,

53 2497 197 2561 Fervida
214 2523 273 2566 seu
287 2495 382 2561 molli
397 2493 524 2585 placeat
541 2491 625 2557 vada
634 2508 782 2556 sternere
795 2514 890 2581 pace.

99 2586 217 2670 Quam
230 2587 287 2652 leti
300 2586 442 2677 speciem
455 2583 589 2669 timuit,
603 2583 663 2671 qui
677 2579 816 2672 grandia
829 2577 925 2644 siccis

52 2675 214 2761 Monstra
229 2675 355 2762 oculis,
374 2675 508 2772 altoque
523 2674 649 2738 inserta
661 2669 828 2736 Ceraunia
845 2666 927 2733 coelo

51 2764 207 2830 Infames
225 2766 310 2832 vidit
324 2765 498 2856 scopulosa
517 2759 580 2827 nec
595 2787 696 2827 rauca
713 2775 895 2826 sonantem·

51 2855 254 2940 Oceanum,
269 2871 300 2920 et
317 2854 465 2920 tumidas
480 2868 675 2944 surgentem
690 2851 821 2942 expavit
833 2849 873 2919 in
885 2849 962 2914 iras.

51 2945 186 3034 Ergone
199 2945 353 3010 tellurem
367 2942 575 3010 discordibus
589 2943 730 3008 abscidit
743 2941 867 3030 undis,

52 3034 97 3098 Et
114 3034 221 3098 varias
235 3033 365 3125 liquido
379 3033 534 3100 discrevit
547 3032 655 3097 limite
671 3047 786 3124 gentes

51 3121 292 3214 Nequicquam
307 3123 420 3214 Deus,
435 3129 604 3194 utea'croa
618 3123 699 3206 ratis
714 3121 821 3212 impia
834 3121 961 3190 fluctus

52 3212 227 3304 Tangere,
247 3230 279 3279 et
297 3213 436 3280 indocili
452 3230 616 3366 praetensa
631 3213 902 3314 repagulaterree
1002 3225 1007 3236 “
1100 3271 1112 3290 k

51 3302 225 3394 Rumpere
237 3303 290 3368 nil
304 3303 443 3368 dubitet.
495 3319 595 3368 antus
608 3318 695 3389 rapit
707 3302 804 3368 ardor
818 3301 986 3388 habendi,

50 3392 165 3456 Tanta
178 3393 280 3458 etiam
293 3391 385 3457 vetiti
395 3389 501 3456 rabies
514 3417 576 3456 nos
588 3390 742 3456 criminis
756 3407 871 3481 urget:
954 3463 959 3478 ὁ

26 3527 29 3534 ,
51 3481 125 3548 Nec
139 3498 270 3570 metus,
286 3498 345 3547 aut
355 3481 430 3545 duri
445 3496 588 3569 possunt
600 3504 751 3544 revocare
761 3479 905 3546 labores!

96 3571 213 3656 Quid,
231 3572 291 3662 qui
305 3569 422 3638 fraude
432 3569 526 3634 ruald
542 3569 666 3634 vivacis
681 3569 810 3633 semina
825 3567 973 3648 flammae
1020 3640 1022 3648 s

51 3661 223 3725 Subduxit
236 3663 318 3728 coelo
325 3708 337 3739 ,
350 3677 381 3725 et
394 3683 500 3726 vacuo
509 3658 600 3750 prior
613 3657 733 3722 intulit
749 3659 821 3723 orbi
833 3705 844 3745 ,

1 3818 2 3821 ,
51 3749 177 3815 Audair
190 3750 212 3814 J
214 3753 300 3840 apeti
316 3750 464 3832 suboleo,
483 3746 708 3838 quammulta
718 3739 904 3840 perignem

1 3923 7 3940 „
49 3839 189 3906 Damna
204 3841 273 3907 solo
284 3842 435 3910 invexit?
452 3839 559 3916 Dolor
573 3837 676 3928 hinc,
691 3827 727 3906 et
742 3839 850 3930 turpis
865 3850 1011 3929 egestas,

533 4061 541 4092 l
