2648 4452
295 299 318 344 2
578 288 888 340 rourrcffi

267 298 413 491 dempsit
433 404 584 490 quatuor
600 387 803 488 Elegiarum
816 370 965 476 Libros,
984 373 1136 498 quarum
1152 381 1210 454 ul·
1318 375 1320 410 ³

193 513 215 550 ‚·
264 492 374 562 timus
400 487 563 560 Messalae
580 485 702 556 laudes
723 501 760 556 et
783 485 916 584 aliquot
939 479 1220 582 Epigrammata·

154 657 167 676 ,
264 587 431 658 continet.
458 587 491 656 Is
516 581 628 672 tribus
656 581 830 681 prioribus
858 581 1010 651 multum
1034 577 1215 651 absimilis
1319 623 1321 682 3

262 701 302 757 et
318 678 779 808 properatae'nimiumprtis
796 694 992 778 accusatur.
1259 681 1261 686 ’

603 889 906 947 ΟΜΝΗ..

792 985 795 991 ’
875 990 888 1023 t

312 1051 564 1128 Pub.0vidius
580 1050 677 1126 Naso
690 1051 856 1126 Sulmone
872 1067 976 1124 natus
990 1077 1079 1124 anuo
1091 1050 1209 1123 Urbis
1320 1129 1322 1150 i

151 1161 161 1188 ’“
264 1153 412 1224 conditas
425 1177 522 1250 7111,
538 1152 622 1224 'ante
639 1149 820 1222 Christum
837 1149 897 1249 39.
917 1152 1080 1222 Mortuus
1097 1151 1207 1222 estin
1293 1157 1322 1246 l

140 1277 142 1284 ¹
265 1249 366 1328 exilio
375 1276 437 1321 suo
449 1248 571 1320 Tomis
581 1248 723 1323 minoris
734 1247 888 1348 Scythiae
898 1274 989 1320 anno
998 1247 1094 1320 urbis
1107 1271 1179 1346 770
1190 1297 1206 1338 ,

264 1345 397 1440 Christi
420 1372 461 1418 21
481 1398 494 1439 ,
524 1345 662 1418 Tiberii
680 1345 718 1418 3.
744 1366 747 1372 ’
1320 1343 1322 1364 ⁵

312 1441 411 1515 Citra
420 1437 689 1516 controversiam
702 1442 847 1545 quidem
854 1441 1015 1516 omnium
1022 1457 1075 1514 est
1083 1493 1095 1532 ,
1113 1439 1207 1512 ovi-

263 1539 363 1612 dium
386 1543 429 1612 ed
476 1540 653 1614 raestitisse
679 1541 814 1643 ingenii
838 1541 947 1642 glorib
969 1556 1006 1612 et
1030 1538 1207 1612 scribendi
1321 1591 1322 1594 ,

263 1636 425 1708 carminis
444 1568 639 1728 isicilitate,
666 1664 746 1736 quoe
766 1639 955 1712 Poetarum
974 1635 1108 1710 nemini
1129 1635 1207 1708 visa
1321 1685 1323 1734 5

262 1751 316 1804 est
331 1733 527 1833 contigisse.
546 1735 599 1806 At
614 1737 767 1804 conscius
783 1735 858 1844 ipse
873 1735 940 1806 sibi
951 1733 1075 1806 indolis
1088 1729 1207 1824 illius,
1321 1737 1323 1798 ἶ

263 1857 371 1930 quam
401 1846 477 1902 erat
500 1845 624 1900 nactus
651 1828 697 1900 ad
716 1856 874 1941 poesim,
905 1830 989 1901 dum
1013 1830 1115 1932 genio
1141 1858 1209 1902 suo
1319 1872 1323 1914 γ

262 1925 423 2027 indulget
442 1924 624 2018 liberius,
655 1923 747 2008 ‚fecit
778 1952 824 1997 ne
841 1943 928 2004 ¹tant
955 1944 1138 2000 accuratus
1163 1943 1210 2000 ac
1322 2001 1323 2004 ,

263 2025 412 2124 diligens
441 2025 620 2097 evaderet.
650 2023 825 2123 Arguitur
856 2025 894 2095 in
927 2024 1003 2122 ejus
1039 2024 1209 2126 operibus
1321 2031 1323 2092 l

262 2121 426 2221 juvenilis
448 2121 604 2194 luxuries
627 2137 663 2192 et
684 2117 855 2234 impotens
878 2122 1042 2224 quaedam
1065 2121 1209 2195 dicendi
1320 2127 1323 2168 ¹

22 2295 26 2304 s
147 2245 150 2248 -
242 2219 386 2290 multa’
404 2217 518 2318 perl'as
543 2246 582 2288 ac
599 2215 696 2288 nefas
716 2244 887 2386 priupgo,
918 2246 1027 2317 quam
1044 2235 1208 2319 ,Ompesae
1322 2205 1323 2242 3

263 2321 341 2388 cere
389 2315 550 2386 rudentis
572 2314 766 2392 debuisset·
831 2315 1033 2388 ihilominus
1062 2315 1206 2390 videtur

263 2345 407 2484 Tibullo
430 2429 537 2512 atquc
563 2409 743 2510 Propertio
763 2411 1024 2512 praeferendus,
1046 2415 1142 2525 quod
1163 2415 1205 2486 in

170 2561 175 2574 ,
262 2509 433 2581 imitanda
450 2512 579 2581 natural
598 2509 779 2600 solertior,
797 2510 834 2580 in
852 2511 1088 2609 exprimendis
1105 2511 1206 2583 cien-

264 2607 388 2708 disque
404 2607 534 2678 teneris
546 2607 746 2707 quibusque
763 2603 967 2700 affectibus,
980 2634 1060 2706 quae
1076 2609 1138 2680 dos
1150 2625 1219 2682 est·

263 2705 394 2774 Eleoiae
410 2704 613 2802 potissima,
640 2721 790 2803 utroque
813 2700 945 2776 felicior
962 2705 1150 2778 exstiterit.

311 2763 487 2870 lleroides
501 2800 684 2872 Ovidianae
695 2800 872 2870 habentur
882 2802 976 2914 apud
992 2819 1210 2902 omnestan·
1307 2889 1312 2900 ⁵

252 2922 370 2994 quam
395 2897 653 2970 amoenissimus
680 2911 716 2967 et
747 2897 1037 2997 exquisitissimas
1067 2901 1205 3000 ingenii

262 3010 403 3090 partus,
428 2994 553 3092 ¹inquo
570 3011 698 3065 natura
717 3009 789 3064 tota
807 2995 881 3088 siue
906 2993 986 3068 fuco
1003 3025 1039 3068 se
1056 2999 1199 3096 prodit,
1307 3003 1311 3008 ’

262 3107 299 3161 et
318 3089 466 3161 humani
483 3091 615 3182 cordis,
637 3090 731 3191 quod
740 3091 829 3164 varii
839 3119 881 3162 cu
905 3092 1071 3166 iditatum
1083 3112 1205 3176 motus
1232 3119 1236 3122 ·

261 3188 434 3258 concitant
448 3241 459 3266 .
488 3187 622 3259 indoles
639 3187 847 3287 agnoscitur.
867 3119 935 3261 dui
953 3191 982 3262 si
999 3193 1201 3276 maturioris

261 3283 382 3377 judicii
404 3277 560 3385 gravitas'
580 3285 803 3386 accessisset,
827 3285 920 3376 ,nihil
948 3289 993 3360 ad
1016 3288 1201 3388 perfectis·
1246 3303 1247 3312 ’

249 3382 342 3453 simi
367 3384 479 3484 operis
502 3383 835 3456 consummationem
856 3385 1128 3483 desiderandum
1144 3391 1200 3463 vi-
1277 3383 1278 3386 ¹

192 3555 194 3560 ,
263 3481 419 3555 deretur.
844 3501 847 3504 '
1262 3555 1278 3575 „,

310 3577 450 3676 Regnat
478 3579 517 3650 in
546 3579 706 3678 ejusdem
733 3579 910 3652 Tristibus
941 3597 977 3652 et
1007 3581 1125 3652 Libris
1155 3585 1200 3656 de

261 3673 372 3744 Ponto
384 3703 448 3774 par
460 3680 646 3747 amoenitas
660 3693 696 3746 et
711 3677 844 3775 ingenii
854 3677 1021 3778 politioris
1034 3679 1172 3752 cultura
1184 3731 1201 3769 „

263 3797 371 3868 quam
395 3801 465 3844 non
494 3773 597 3846 inodo
625 3801 695 3844 non
725 3773 852 3847 deterit
883 3776 1004 3871 Poetae
1025 3775 1205 3850 exulantis
