2690 4452
302 335 502 382 ‚crass
551 331 853 380 suarinas.
1147 309 1222 408 475.

88 428 152 500 Ille
163 433 251 536 rapit
264 432 415 525 gladium
435 431 573 516 dextrd,
589 430 744 520 ,laevaque
764 429 919 494 decoram

89 523 271 590 Caesanem
286 522 479 620 implicuit,
492 519 691 612 seruamque
703 519 846 610 assurgit
858 519 898 584 in
912 518 1022 585 ictum

88 614 244 680 Arduus.
262 614 349 679 Ecce
366 628 480 678 autem
496 611 625 702 superis
633 635 700 676 vox
713 610 848 675 intonat
861 608 953 676 auris
967 638 976 675 ε
1018 663 1022 670 .

46 737 54 749 ·
89 731 115 767 <c
136 703 242 792 Siste,
259 703 279 770 b
296 705 374 770 siste
391 704 561 789 manum,
585 701 694 792 placet
705 699 869 766 hactenus
885 697 944 764 illa
959 698 1111 766 Tonanti

88 818 113 856 a>
138 794 314 883 Victima,
335 819 399 858 nec
420 808 581 878 tantum,
607 792 627 856 ὂ
648 790 843 876 Abraham,
863 788 1016 857 mercede
1034 788 1158 856 carebit
1182 833 1183 836 =

88 908 113 944 u
136 881 225 949 Obse
250 875 372 950 uibm:
389 869 492 949 bodo
506 907 615 972 quem
626 880 742 950 doci-lis
755 896 903 946 mactare
914 881 1075 970 parabas,
1091 923 1093 928 ·

62 979 113 1034 'u
135 973 206 1040 Hic
226 909 319 1041 dabit
332 975 559 1042 'innumeram
578 971 738 1038 foecundo
755 970 883 1038 semine
899 969 1070 1062 prolem.»
1105 1005 1107 1010 ·
1189 985 1213 1027 ’.

150 1151 336 1249 MosEs
359 1150 438 1267 AB,
454 1148 633 1224 UNDIS
659 1147 989 1222 susumus.-

90 1261 325 1381 Vsunnsr
341 1329 411 1380 atra
429 1314 499 1380 dies
512 1359 522 1402 ,
537 1338 600 1380 nec
614 1329 646 1380 te
660 1313 765 1380 celare
780 1313 904 1378 licebat
925 1321 930 1346 l

90 1404 276 1496 Amplius,
291 1403 311 1470 d
325 1405 459 1490 Moses,
475 1403 668 1492 crudelibus
680 1403 765 1468 edite
780 1401 870 1468 fatis.

90 1497 180 1586 Ergo
197 1510 318 1560 moesta
357 1517 475 1578 arens,
493 1492 622 1558 immiti
635 1490 792 1558 exterrita
805 1489 907 1581 Regis
969 1543 975 1558 .

90 1584 240 1672 Imperio
256 1630 267 1671 ,
280 1520 376 1650 molli
388 1579 561 1650 calathum
577 1581 618 1648 de
631 1580 760 1648 vimine
775 1581 859 1646 texit
872 1606 881 1646 ε

88 1671 241 1755 Fletibus
259 1697 434 1764 aspergens
450 1672 609 1742 insternit
619 1669 738 1742 fronde
748 1717 758 1758 ,
770 1671 1046 1762 Tyrannumque

89 1765 255 1830 Execrata
268 1779 424 1848 trucem,
439 1761 544 1828 credit
557 1759 752 1839 melioribus
764 1759 868 1826 undis
879 1787 901 1846 ,τ
966 1839 970 1846 ¹

90 1854 262 1944 Spemque
280 1853 384 1936 simul
400 1853 554 1944 generis,
569 1851 699 1948 generis
713 1851 830 1918 solatia
841 1850 958 1921 credit.

89 1941 405 2034 Excipitinfantem
418 1943 603 2030 miserans,
626 1958 659 2008 et
676 1941 818 2008 amabile
854 1941 965 2007 o'ndus

90 2027 256 2099 Subvebit
271 2033 427 2103 innocua
435 2033 588 2100 lambens
602 2033 775 2126 aspergine
792 1967 905 2097 Ndus.
926 2075 930 2084 .
980 2088 982 2094 s

90 2126 141 2188 At
155 2147 316 2225 germana
327 2117 470 2190 madens
482 2123 643 2215 lacrymis
656 2171 666 2210 ,
680 2123 720 2191 in
733 2121 901 2190 arundine
918 2120 999 2212 ripae

89 2213 255 2300 Delituit,
275 2238 467 2305 cunasque,
486 2231 582 2282 metu
595 2238 780 2304 suspensa,
795 2215 951 2278 natantes

89 2302 227 2368 Obtutu
240 2305 416 2394 sequitur,
433 2304 610 2392 fluctuque
621 2303 785 2390 expalluit
800 2302 922 2368 omni„

90 2376 179 2460 Ecbe
192 2407 312 2458 'autem
329 2392 483 2483 riparum
499 2392 638 2456 umbras
652 2407 684 2455 et
702 2391 826 2542 fiffiora
843 2405 1006 2479 captans,

90 2483 215 2550 Gentis
228 2505 347 2568 amor,
366 2505 453 2547 saevo
466 2480 588 2553 melior
604 2495 697 2570 patre
710 2525 720 2565 ,
772 2480 804 2544 i'a
816 2479 919 2569 Regis
988 2527 991 2532 ·

92 2573 191 2660 Ibat,
211 2596 287 2638 eam
304 2569 435 2638 circum
447 2569 657 2636 famularum
669 2569 745 2636 laeta
758 2568 919 2658 juventus
954 2597 955 2605 ¹

92 2662 252 2748 Emicat,
271 2676 304 2728 et
317 2659 500 2753 dulcesque
513 2659 580 2752 joci
594 2660 751 2748 risusque
766 2675 970 2750 sequuntur.

93 2753 194 2818 Forte
210 2745 301 2816 inter
312 2750 428 2816 salices
440 2751 554 2817 uicino
569 2751 608 2814 in
622 2749 732 2816 littore
745 2750 852 2814 cernit
955 2757 962 2778 ¹
1051 2779 1053 2786 ·

95 2841 296 2908 Haerentem
309 2839 489 2906 alveolum.
510 2840 641 2927 Simul,
656 2869 679 2904 c<
691 2841 725 2926 i,
742 2837 927 2928 fidissima,
947 2837 1055 2932 dixit,

93 2959 117 2994 ο)
134 2931 260 3012 Ocius,
274 2945 311 2997 et
322 2931 430 2997 nostri
443 2955 538 2998 nova¹
548 2955 694 3005 munera
705 2929 860 2996 fluminis
874 2929 969 2994 affer.
982 2954 1004 2991 u
1048 2933 1051 2944 “

94 3019 117 3088 J
120 3036 247 3108 usserat
259 3024 375 3114 ,eque
393 3021 485 3111 suis,
501 3038 541 3088 ut
553 3021 717 3112 jusserat,
736 3043 808 3085 una
820 3019 940 3112 puellis
954 3067 965 3108 ,
982 3099 984 3106 Α

91 3111 146 3196 It,
163 3111 249 3177 redit
288 3127 320 3177 et
332 3111 454 3180 cistam
467 3113 613 3205 propiori
626 3111 665 3176 in
678 3110 835 3203 gramine
845 3107 956 3203 ponit.

93 3201 162 3268 Illa
172 3201 232 3274 ubi
245 3149 389 3268 dimovit
403 3202 532 3269 recluso
546 3202 674 3268 vimine
687 3201 822 3268 frondes

93 3291 275 3382 Impositas
288 3291 448 3378 inhians,
465 3293 554 3357 videt
572 3293 636 3356 ab!
655 3293 863 3383 (pressitque
876 3289 1025 3358 videndo
1056 3292 1057 3300 ’

96 3380 205 3446 Corda
214 3379 335 3470 dolor)
348 3380 438 3446 videt
448 3381 638 3466 infantem,
656 3381 801 3466 miratur
817 3382 961 3458 honores

70 3479 72 3483 ’
95 3473 289 3572 Ingenuos,
306 3471 410 3561 qudm
424 3470 522 3538 dulce
534 3470 634 3536 decus
647 3516 657 3555 ,
672 3465 753 3560 ¹quae
770 3471 879 3562 gratia
891 3469 1013 3560 labris,

96 3563 250 3627 M1ratur
264 3561 381 3652 plenos
398 3560 514 3650 ignoto
529 3561 683 3626 Numine
695 3560 824 3626 vultus.
873 3563 876 3570 ⁴
924 3604 929 3612 -

93 3651 158 3716 Ille
172 3645 369 3743 imploranti
382 3650 522 3737 similis,
542 3650 731 3742 similisque
746 3651 919 3742 gementi,
1010 3693 1012 3702 ,

93 3739 201 3831 Vagit
215 3741 427 3832 inexpletum
437 3788 447 3829 ,
457 3756 498 3806 et
508 3741 631 3806 teneris
643 3739 731 3832 rapit
743 3743 858 3808 oscula
872 3741 1004 3834 palmis.
1035 3793 1039 3800 .
1095 3815 1097 3822 ¹

94 3824 191 3900 Tum
204 3831 319 3924 virgo:
339 3850 462 3926 «puer
472 3832 616 3903 Hebraeo
626 3831 668 3898 de
682 3832 848 3924 sanguine
864 3847 986 3915 natus„
1031 3867 1033 3872 ·
1140 3847 1142 3854 ’
