2674 4454
417 241 733 296 rorrrca:
946 221 1046 314 ’43

102 342 231 415 cedere
248 369 318 416 non
337 341 449 436 solet,
465 346 589 416 eadem
605 345 699 416 intra
714 361 787 416 tem
812 343 957 416 usidem
968 339 1045 415 fieri

102 456 236 538 posset.
276 443 410 512 Saltem
441 441 506 512 hoc
538 443 752 542 provideant
807 441 1045 541 ragoediarum
1144 505 1147 509 .

102 537 321 636 Scriptores,
346 555 389 610 ut
408 540 501 638 quod
551 531 607 612 l'us
633 542 828 642 requiritur
847 539 1042 639 temporis,
1199 541 1206 562 '

100 633 141 705 id
159 657 224 746 per
240 651 384 709 actuum
402 569 587 712 intervdta
603 655 859 729 consumatur,
876 654 914 708 et
935 638 1043 750 ipsius

99 735 249 806 cononis
271 735 408 808 duratio
430 736 648 837 singulorum
673 754 818 810 actuum
842 735 1043 827 duratroni,

100 835 282 930 quantiam
292 830 369 904 fieri
381 851 517 932 potest,
531 863 570 908 re
632 838 753 908 ndeat.
1042 855 1045 864 “

71 1010 73 1016 ,
141 929 213 1029 ,De
225 930 375 1004 Unitats
384 933 470 1005 Loci
478 937 557 1005 cnm
566 932 773 1032 mh1tfuen‘t
784 930 829 1004 ab
840 931 1045 1022 Aristotele,
1073 950 1160 998 cnm
1170 939 1236 992 rsa.

99 1025 162 1096 vel
184 1026 231 1097 ab
247 1029 399 1100 'Horatio
419 1033 717 1130 pronunciatum,
742 1032 833 1104 hanc
855 1027 922 1100 sibi
944 1029 1049 1102 multi

36 1119 39 1128 '
99 1125 1047 1232 sumpserelicentiam,utillamprourbitrioautlatids

29 1279 33 1298 .
101 1238 167 1292 aut
177 1223 329 1297 strictius
343 1225 679 1305 circumscriberent.
695 1227 854 1324 Quidam
865 1224 972 1298 unius
982 1223 1049 1296 loci

29 1307 32 1334 '
99 1319 277 1394 rationem
296 1342 471 1398 servatam
485 1346 637 1429 putant,
658 1330 690 1402 si
705 1329 802 1402 intra
821 1323 926 1398 unius
951 1323 1049 1398 urbis

97 1419 237 1490 moenia
250 1447 304 1492 res
326 1439 492 1522 geratur,
523 1453 588 1499 nec
607 1426 786 1501 breviores
808 1419 934 1494 actioni
954 1420 1049 1492 Tra·

24 1512 29 1529 '
98 1514 186 1614 gicae
204 1519 372 1590 terminos
383 1527 545 1620 posuere.
574 1525 650 1597 Alii
668 1521 799 1596 austeri
814 1519 920 1590 nimis
936 1545 976 1587 ac
992 1545 1050 1587 se·
1103 1520 1110 1534 ‘

98 1613 177 1685 veri
192 1615 301 1686 unius
321 1617 413 1688 aulae
432 1621 490 1689 vel
510 1619 662 1690 cubiculi
678 1615 849 1718 angustiis
863 1613 1051 1686 Unitatem

99 1708 167 1781 loci
183 1712 435 1784 continendam
455 1741 531 1787 esse
547 1731 786 1808 censuerunt,
801 1739 872 1784 non
888 1711 973 1784 satis
993 1728 1049 1782 at·

72 1809 214 1901 stanti,
234 1812 345 1912 quam
362 1812 492 1884 multas
506 1841 526 1884 e
547 1806 549 1812 ¹
589 1812 663 1913 gias
678 1809 888 1912 Tragoedias
901 1809 1050 1910 proscri-

97 1904 230 1978 'berent
236 1961 250 2003 ,
274 1909 304 1979 si
316 1925 391 1978 tam
407 1839 601 2010 regidaiiex
612 1911 751 1984 nullam
766 1909 907 2010 penitus
921 1933 1048 2006 excep-

95 2004 236 2076 ¹tionem
244 2005 460 2079 admitteret.
476 2007 574 2080 Nam
585 2012 666 2079 edm
679 2033 723 2079 ea
735 2060 747 2100 ,
761 2031 842 2106 quae
853 2019 1049 2076 tractantur

99 2099 138 2172 in
148 2102 373 2202 Tragoediis,
398 2105 567 2176 intereos
588 2133 662 2177 sem
708 2133 728 2176 r
753 2103 955 2204 agitentur,
983 2103 1048 2202 ¹qui

99 2199 250 2272 diversis
281 2201 534 2304 contrariisque
561 2204 656 2306 parti
682 2197 724 2275 us
751 2201 947 2290 studeant3
985 2199 1048 2300 qui

99 2298 247 2370 demum
258 2295 336 2370 fieri
395 2299 457 2371 ssit
465 2353 477 2392 ,
497 2317 540 2372 ut
556 2329 627 2373 uno
642 2302 839 2401 eodemque
857 2299 897 2370 iu
911 2298 985 2392 loco
1002 2297 1047 2369 de

99 2395 207 2467 rebus
224 2396 295 2468 suis
313 2325 400 2468 coifi>
426 2415 587 2489 uantur,
612 2402 740 2497 quase
762 2425 801 2469 re
824 2399 888 2470 sud
916 2395 963 2466 sit
988 2423 1047 2466 eos

56 2489 63 2496 ’
100 2493 208 2564 celari
227 2517 380 2592 quorum
392 2423 604 2596 Iiienlmque
622 2494 771 2566 exitium
783 2493 1044 2564 machinantur.

100 2590 176 2662 Alii
192 2591 349 2662 mediam
369 2593 487 2663 iniere·
500 2592 617 2682 viam,
642 2608 680 2662 et
707 2591 754 2661 ad
777 2591 966 2661 Unitatem
982 2589 1048 2660 loci

99 2687 333 2760 retinendam·
342 2687 501 2760 sufficere
515 2688 752 2780 arbitrantur,
765 2687 795 2758 si
810 2687 882 2759 und
892 2687 932 2757 in
944 2687 1047 2758 domo

99 2786 158 2858 vel
184 2787 224 2859 in
245 2813 318 2857 uno
343 2785 474 2886 palatio
496 2787 585 2859 actio
612 2786 819 2858 Drmnatica
841 2801 1043 2953 peragatur.
1102 2787 1106 2796 '

97 2887 149 2958 At
161 2885 305 2986 quando
317 2909 459 2956 necesse
480 2901 534 2956 est
559 2899 656 2956 actus
671 2885 784 2958 varios
797 2883 904 2957 variis
946 2887 1045 2956 omds

11 3067 13 3092 Ι
100 2982 137 3054 in
154 2980 318 3082 portibus
334 2978 519 3070 exhiberi,
532 2982 608 3054 haec
625 2985 695 3054 duo
709 2981 925 3082 providenda
939 2997 1044 3071 sunt;

11 3105 13 3130 ¹
81 3091 84 3098 “
102 3081 280 3172 alterum,
298 3095 348 3151 ‘ut
370 3097 467 3152 actus
489 3097 584 3153 totus
605 3081 644 3154 in
672 3081 797 3153 eodem
817 3080 891 3151 loco
912 3105 1046 3178 reprae-

11 3191 13 3218 '
100 3195 283 3270 sentem,
316 3178 495 3272 alterum,
524 3196 565 3251 ut
592 3177 759 3253 continua
782 3176 1047 3250 succedentium
1169 3253 1170 3260 χ

11 3293 13 3336 ἰ
102 3276 168 3346 sibi
181 3301 366 3363 scenarum
377 3278 482 3358 series
497 3305 537 3349 ac
550 3302 661 3349 nexus
674 3273 806 3348 faciant
816 3327 827 3367 ,
839 3301 886 3345 ne
895 3271 1045 3344 mutatio

99 3372 188 3466 loci,
208 3399 289 3475 quae
305 3369 345 3446 fit
358 3375 464 3449 variis
477 3375 515 3449 in
530 3375 689 3471 actibus,
707 3371 807 3450 facile
822 3371 1040 3445 observetur.
