2690 4452
133 319 206 417 lm
419 339 791 388 ceunruun

127 437 275 522 Dicere,
293 436 350 502 sed
369 437 478 502 verbis
496 435 565 526 jam
584 434 817 501 delinientibus
828 459 919 501 unco

131 525 331 618 Imperfectu
340 525 416 616 lipit
430 540 536 592 rostro
549 527 642 628 ,qud
654 525 789 591 territus
801 525 874 616 ipse

133 617 226 683 Voce
237 615 347 708 fugit,
362 615 577 708 predamque
587 618 710 681 iterum
723 640 781 706 per
797 616 900 683 inane
918 613 1088 682 volantem
1221 676 1225 682 .

85 737 89 746 ·
131 705 353 796 Insequiturs
368 729 432 772 nec
447 729 533 796 quas
544 705 889 798 rubidusconceperut
901 705 967 770 ires
1173 723 1175 727 “

131 795 236 860 Nunc
250 795 399 861 ceciddre
413 822 422 861 ε
438 811 554 862 manet
569 796 633 863 sub
646 795 765 861 eodem
778 795 921 862 nomine
931 793 1074 861 Milvus.

132 885 317 978 Sanguinis
332 885 422 951 idem
433 909 529 952 amor
540 902 607 973 est,
622 887 740 952 eadem
755 885 896 952 feritatis
905 886 1038 978 imago,

131 976 204 1042 Nec
215 975 392 1042 volucrum
402 977 481 1041 satis
491 991 560 1062 est,
579 976 763 1042 hominum
772 1001 907 1068 quoque
919 999 1087 1068 sanguine
1098 971 1241 1066 gaudet.
1340 989 1342 1000 ·

176 1066 306 1132 Intered
321 1066 404 1132 curlo
414 1065 504 1132 volat
518 1067 620 1132 anxia
635 1067 778 1134 Pristera
790 1113 800 1154 ,
811 1081 914 1151 nutes
981 1117 986 1138 ‹.

131 1155 313 1248 Vestigsns
329 1157 561 1246 nequicquam
573 1155 681 1224 dculis
698 1181 707 1220 ε
725 1158 796 1247 jam
809 1172 884 1223 tute
897 1156 1056 1222 tenebant

131 1247 218 1312 Saxa
236 1245 362 1336 procul.
382 1245 535 1338 Cyprum
548 1261 656 1312 mater
671 1247 850 1338 cognovit,
867 1262 900 1312 et
914 1247 1002 1312 sedes
1054 1279 1057 1291 ν
1165 1273 1168 1283 ·

132 1335 213 1400 Non
246 1335 342 1400 rocrll
353 1359 421 1400 esse
431 1359 509 1400 suas
520 1335 682 1402 meminit
692 1362 703 1400 t
715 1336 807 1402 ridet
815 1337 900 1402 attia
912 1336 1040 1426 Regis,

131 1425 204 1490 Nec
216 1361 348 1490 dubitet
357 1426 494 1516 sponsi,
514 1426 670 1518 quamvis
685 1425 824 1518 ignote,
842 1441 980 1517 penates
1064 1459 1068 1466 ·

131 1517 286 1602 Intrare,
303 1531 336 1580 et
346 1514 440 1608 tangi
453 1517 631 1604 manibus,
649 1541 867 1606 nomenque,
881 1539 1029 1606 suosque
1082 1524 1085 1532 ’

131 1605 271 1682 Dicere,
290 1603 319 1670 si
334 1609 455 1696 possit,
476 1631 586 1672 casus.
604 1607 668 1672 Pro
681 1631 762 1673 voce
774 1622 857 1697 quot
872 1605 977 1692 e'rtee,

133 1695 229 1780 Quot
239 1693 302 1760 scit
315 1693 403 1760 inire
414 1696 484 1762 vius
498 1696 692 1763 industrial
711 1698 826 1788 siquis
840 1695 964 1760 obortis

132 1785 302 1875 Reginam
318 1786 491 1852 absentem
509 1786 671 1878 lacrymis
683 1787 888 1877 gemituque
901 1785 1064 1874 requirit,

132 1875 213 1940 Huc
224 1875 334 1960 volat,
347 1892 380 1942 et
393 1875 506 1942 dulces
518 1875 606 1943 tristi
618 1901 699 1941 curn
712 1897 890 1962 murmure
900 1875 1048 1940 miscens

132 1962 318 2036 Blanditias
330 2011 340 2052 ,
354 1982 460 2032 rostro
472 1965 585 2058 prodit
599 1989 633 2032 se
674 1970 735 2032 ene
744 1965 912 2068 loqn'enti.

132 2056 213 2139 Qud
226 2071 323 2120 natos
338 2055 429 2122 videt
442 2057 608 2144 irersucs,
625 1991 867 2147 plaudentibus
884 2055 946 2120 alis

131 2235 225 2301 Laeta
238 2232 338 2319 sinu,
349 2249 395 2298 et
410 2235 431 2297 b
443 2233 548 2298 andes
563 2248 689 2386 [tq-am
701 2233 915 2324 gemebunda
923 2233 1089 2322 querelas-

131 2321 320 2413 Accipiunt
336 2322 433 2414 pueri
445 2321 585 2396 ,voluere
636 2321 839 2414 ,istumque
855 2323 1005 2412 parentis

131 2413 229 2480 Dum
248 2411 383 2480 crudele
398 2413 531 2502 dolent3
548 2412 693 2504 gemitus
701 2411 876 2504 incognita
891 2421 1000 2478 trister

131 2503 378 2594 Temperet,·et
388 2503 483 2570 lusds
494 2503 609 2568 eadem
624 2519 695 2589 est,
713 2517 746 2568 et
760 2525 862 2568 cause
873 2501 1010 2568 doloris.
1090 2559 1093 2566 .

179 2595 350 2694 Sponsum
365 2609 480 2659 autem
495 2593 656 2684 inprimis
668 2591 888 2658 circumvolat
901 2616 1010 2682 oegra,
1027 2595 1156 2659 marito

132 2684 271 2751 Ass1det
286 2707 295 2772 3
316 2699 348 2750 et
361 2685 393 2766 si
400 2685 478 2749 trita
491 2705 597 2748 manu
614 2681 838 2748 det-crustula
851 2683 1032 2774 PrincePS,

131 2773 349 2840 Autvolucn'
362 2773 483 2838 blande
498 2771 929 2876 palpaverit3·osculacaris
979 2846 985 2856 Ι
1026 2787 1028 2793 “

132 2863 203 2930 Dat
217 2862 377 2930 manibus
393 2910 403 2950 ,
496 2880 652 2954 ttumque
669 2863 740 2927 imo
755 2861 799 2937 de
811 2877 943 2952 pectore
953 2859 1059 2928 ducit.

131 2951 192 3019 Nil
205 2952 374 3044 gemitus,
390 2977 428 3017 ιιι
441 3033 445 3040 ¹
457 2953 525 3038 ulta
541 2953 662 3044 juvant
680 2952 825 3045 suspirie
839 2977 849 3041 3
865 2951 954 3018 nulli
1027 2983 1031 2994 ·

131 3043 167 3110 N
169 3044 316 3121 oscitur,
334 3058 366 3107 et
378 3043 522 3109 tacitum
535 3044 669 3108 cunctis
684 3042 827 3144 inspiret
836 3065 1000 3109 amorem.

130 3133 355 3224 Quamquam
366 3133 503 3224 ignota,
521 3149 636 3198 tamen
646 3129 901 3222 'Cypriisritsm
914 3133 982 3222 egit
994 3131 1033 3197 in
1046 3130 1115 3198 on's
1128 3159 1139 3198 e

132 3223 229 3290 Hinc
240 3223 339 3289 habet
352 3224 372 3288 d
385 3221 498 3314 Cypro
511 3221 575 3286 sibi
586 3241 725 3286 nomen.
746 3221 888 3286 Pristsra
897 3221 1026 3289 Graecis
1135 3226 1138 3231 ’

129 3311 234 3380 Dicta
245 3313 312 3380 fuit
323 3361 334 3401 ,
347 3329 471 3380 veteres
481 3311 574 3378 Latii·
583 3310 696 3381 dixere
713 3309 929 3410 Columlurq.
1031 3340 1046 3352 v·

178 3404 242 3470 Illa
259 3404 350 3470 dedit
366 3403 428 3470 toti
441 3427 569 3470 nornen
580 3399 846 3494 cumsanguine
855 3401 948 3493 genti
960 3428 999 3491 p*
1017 3435 1019 3442 ¹
1037 3435 1052 3450 ¹·
1091 3435 1092 3444 ¹

113 3492 303 3582 ¹Signaque
320 3495 438 3585 regalis
451 3494 580 3585 generis
594 3491 975 3558 manifesta-coronam·
995 3533 1008 3548 ··

133 3581 270 3648 Vertice
310 3600 394 3650 estat
407 3605 534 3672 ovans,
551 3583 702 3676 regaliter
713 3582 864 3649 ambulet
881 3583 1006 3668 ,altae
1074 3626 1089 3671 ¹.
1119 3621 1133 3631 ··

134 3671 241 3762 Queis
251 3609 381 3739 halsitat
391 3674 500 3764 prisco
510 3691 615 3740 turres
627 3673 853 3765 splendescere
866 3672 953 3737 luxu
1010 3702 1025 3734 τ.

134 3760 269 3825 Gaudet
283 3779 339 3846 ,·et
353 3764 486 3865 ingenti
498 3765 666 3848 sociarum
679 3761 805 3830 fervere
814 3761 935 3830 tu'rbd:
988 3825 992 3842 ,
1041 3789 1044 3797 ·
1273 3779 1276 3784 “

134 3851 198 3944 Et,
217 3850 308 3945 quod
320 3851 522 3921 foemmeum
539 3853 747 3943 vitiumest,
764 3854 910 3922 formose
923 3851 1033 3919 videri
1053 3853 1056 3892 ²
1116 3902 1119 3906 -
1162 3911 1166 3919 .

130 2144 347 2235 Insequitur,
360 2145 454 2296 tanqi
465 2146 596 2235 petiens
605 2190 617 2222 ,
635 2169 780 2235 caroque
795 2144 901 2210 foveri
