2680 4448
293 297 819 348 praenestrinus.
921 299 981 313 ¹¹

253 414 921 508 *uerauonrnosu*

211 594 312 668 u'un
337 622 468 674 suune
494 563 730 696 nouunluu
756 583 946 676 euentu*
1033 585 1035 590 ’

100 705 283 826 Curvus
300 759 387 846 erat,
408 758 583 850 quondam
598 759 715 850 juveni
733 758 897 836 dilectus,
913 772 944 822 ct
963 755 1028 848 ipsi

101 850 237 916 Silvano
250 897 260 936 ,
280 851 340 940 qui
355 851 438 915 ‹llun
454 848 561 940 frigus
576 865 722 938 captaret
739 849 777 912 in
791 849 915 934 herbl,

100 941 209 1006 Hunc
222 965 307 1031 puer
319 939 517 1031 imprudens
530 939 642 1028 jaculo
654 939 821 1003 transfixit
835 954 956 1024 acuto,

102 1029 223 1118 thue
238 1053 341 1094 suum
360 1029 515 1120 agnovit,
530 1029 695 1119 percussit
709 1043 841 1119 pectora
854 1027 995 1116 palmi¹S‚

73 1187 79 1197 ,
103 1119 145 1183 Se
157 1118 322 1184 miserum
334 1121 525 1184 inclamans
542 1145 550 1182 ε
568 1143 639 1182 non
656 1119 770 1209 ipsum
786 1134 922 1196 excernat
939 1141 1052 1183 amore

103 1207 280 1296 Errorem,
295 1209 426 1276 factum
443 1209 549 1274 verbis
562 1209 717 1300 objurgat
731 1207 854 1273 amaris
948 1227 950 1235 ’

103 1297 286 1386 Silvanus,
305 1299 430 1364 dunlm
443 1295 671 1389 increpitans,
688 1315 720 1362 et
731 1299 861 1362 crimen
877 1299 1020 1366 acerbat.

104 1387 167 1454 Ille
181 1389 302 1478 probro
316 1391 426 1457 victus
438 1389 562 1474 simul,
577 1411 820 1479 oppressusque
832 1386 967 1474 dolore,

103 1480 336 1569 Pertaesusque
349 1477 425 1565 sul,
444 1479 675 1570 lacrymarum
689 1477 834 1541 flumine
850 1477 943 1565 largo
1002 1477 1004 1482 ’

104 1567 207 1633 Lavit
221 1567 393 1634 humum:
409 1569 507 1634 tellus
523 1571 587 1634 isto
604 1567 770 1656 tepefacta
786 1566 918 1651 calore,

104 1659 160 1726 De
172 1683 277 1747 puero
292 1675 408 1725 tecum
423 1659 521 1744 lecit,
540 1657 696 1742 Silvane,
714 1655 932 1744 Cupressum.
1033 1652 1037 1668 '

107 1747 204 1812 Olim
218 1749 438 1813 monstrando
452 1774 510 1839 per
526 1771 596 1812 sese
608 1763 688 1812 nata
702 1745 809 1810 dolori

107 1837 222 1904 Arbor
233 1855 301 1903 erat
317 1886 327 1926 ,
343 1838 399 1903 sed
415 1835 511 1902 nunc
528 1837 680 1901 ornando
695 1835 872 1901 commoda
885 1835 956 1900 ruri
971 1845 994 1900 τ’

108 1925 146 1992 Si
163 1930 347 2016 preesertlrn
360 1923 486 1992 humili
504 1951 538 1992 se
552 1925 685 2019 purnila
699 1925 821 1991 vertice
835 1925 952 2012 tollat,

108 2017 154 2081 Et
168 2040 267 2082 versu
280 2018 426 2108 oblongo
439 2033 612 2107 pratorum
628 2031 775 2086 extrema
788 2031 947 2102 coronet,
1037 2029 1041 2036 '

111 2105 370 2197 Hortorumque
383 2106 494 2173 aditus
508 2133 516 2171 ε
538 2099 723 2172 aut'sicubi
737 2107 886 2173 detumet
903 2129 1003 2196 agger

1 2241 5 2254 ·
111 2195 285 2268 Herbidus
302 2196 341 2260 in
357 2213 501 2282 terram,
516 2213 605 2262 nutu
616 2196 802 2281 clemente,
821 2197 1000 2286 jacentem.

19 2355 23 2364 ,
95 2283 274 2387 ‘Namque
291 2301 395 2351 tornae
412 2303 578 2351 aeternum
596 2310 731 2350 servans
749 2285 855 2349 l'elicis
869 2285 1033 2348 bonorem
1051 2329 1061 2370 7

113 2375 242 2442 Tendit
258 2376 325 2440 inae
351 2375 442 2440 uales
459 2398 591 2458 ramos,
607 2374 811 2463 cristam'que
826 2389 1019 2437 comantem
1038 2418 1047 2458 t

113 2467 159 2532 Et
171 2465 315 2556 longum
327 2401 415 2530 lloliis
431 2464 514 2529 viret
530 2461 779 2551 immortalibus
793 2485 905 2526 aevum
920 2487 927 2524 :

20 2559 26 2568 ’
115 2555 272 2620 Immites
286 2554 387 2621 etiam
400 2552 494 2619 l'ortis
509 2568 725 2618 contemnere
742 2565 859 2617 ventos
869 2597 881 2629 ‚
1155 2617 1165 2641 Ι

116 2646 162 2712 Et
178 2645 255 2736 plus
269 2645 380 2712 laudis
397 2643 497 2711 habet
513 2641 622 2710 ventis
640 2641 764 2734 agitata
776 2642 978 2730 Cup'ressus.⁴
1052 2703 1054 2708 ,

273 2803 481 2894 succe
529 2823 616 2920 nu
655 2813 901 2893 urere.

121 2933 205 3049 Er
223 2985 417 3074 quondam,
433 3001 471 3052 ut
483 2987 573 3052 fama
589 3002 655 3071 est,
675 2989 755 3050 clun
772 2985 898 3076 primas
916 3007 1016 3048 aurea
1033 2984 1168 3071 Myrtos

121 3077 292 3142 Plentaret
310 3076 429 3140 Venus
444 3076 667 3141 umbrosisin
680 3075 822 3141 vallibus
834 3075 925 3158 Idae,

91 3211 94 3216 -
122 3167 222 3234 Festa
239 3165 357 3229 cohors
371 3165 443 3231 illas
459 3166 588 3231 circum
600 3165 735 3231 ludebat
751 3170 940 3248 Amorum,

123 3257 314 3325 Lucentem
330 3254 371 3318 ad
385 3255 541 3338 Lunam,
557 3281 650 3344 purae
664 3281 722 3344 per
736 3273 886 3346 tempora
898 3252 1019 3317 noctis

87 3366 92 3374 ·
124 3346 261 3437 Quippe
279 3345 397 3408 Venus
413 3346 595 3433 Myrtum,
618 3345 741 3432 plantis
755 3369 794 3407 ex
811 3343 969 3408 omnibus
985 3387 995 3425 ‚
1014 3333 1124 3404 unam
1212 3361 1217 3368 ’

125 3437 144 3500 I
170 3461 205 3500 sa
221 3435 283 3498 sibi
301 3432 426 3523 optavit
440 3441 613 3521 quondam
628 3479 637 3517 ,
652 3430 887 3520 propriam'que
906 3428 1040 3494 dicarit.

127 3463 209 3589 llon
223 3523 323 3587 aliam
338 3523 386 3604 ob*
394 3545 530 3586 causam
546 3568 556 3607 ,
574 3539 637 3586 'sua
654 3522 765 3584 velant
781 3521 931 3611 simplice
950 3522 1070 3616 Mprto
1132 3551 1136 3561 ¹
1227 3524 1232 3544 ⁶

128 3616 298 3701 Tempora
315 3627 431 3700 nuptae
445 3635 562 3675 ornnes
577 3612 618 3676 ad
631 3611 796 3674 solemnes
813 3612 1018 3699 hymenaeos.

128 3699 207 3792 Ipsa
225 3703 478 3790 derlm'r‘egina‚¹
491 3701 570 3766 toris
588 3698 898 3790 praefectaman'tis,
975 3713 982 3720 '

46 3797 49 3803 ’
129 3791 311 3864 Tadiferas
327 3791 485 3881 adhibet,
501 3813 593 3858 sacra
605 3791 646 3857 ad
660 3791 1001 3882 rnyster·ia,.lllyrtos.
