2666 4452
323 253 504 304 trena
554 239 819 322 rrnrrus

92 346 184 442 Ergo
198 350 310 443 agite,
327 354 348 416 ὃ
361 353 443 420 socii
456 400 466 441 ,
480 367 580 418 notos
593 351 750 442 deponite
761 351 897 442 vultus,
967 419 971 434 ,

34 474 37 480 ’
88 442 229 507 Induite
240 458 310 509 arte
324 467 452 530 novos,
466 442 642 531 variasque
655 442 918 534 aptateliguras,

89 533 178 618 Quae
193 531 325 598 valeant
336 533 444 600 Divos
459 581 469 621 ,
486 548 520 598 et
535 531 665 614 Divssm
677 531 795 600 fallere*
809 535 949 624 Regem.

131 624 315 688 Assensere
328 645 470 709 omnes,
485 623 682 712 levibusque
694 649 753 714 per
765 629 841 690 a'e‘ra
854 623 996 716 pennis,

86 713 246 782 Diversae
254 714 405 782 referunt
414 728 546 782 mutato
561 712 601 798 in
622 737 758 804 corpore
771 713 908 782 formas.

31 858 38 869 .
84 804 154 869 Hic
166 804 251 894 gerit
268 805 409 870 informi
424 803 620 894 distinctam
634 804 750 876 tubere
765 803 913 878 frontem
929 831 938 872 t

87 893 158 958 Olli
175 894 342 985 praecipiti
355 893 528 962 descendit
540 894 662 962 vertice
677 919 801 985 nasus3

82 984 180 1049 Huic
194 985 279 1050 clivo
292 983 331 1049 in
342 985 454 1062 medio
468 1001 628 1064 curvatus
641 983 780 1052 fornicis
796 985 905 1054 instar

43 1147 47 1155 q
81 1075 262 1166 Assurgit,
275 1076 486 1168 longumque
502 1073 775 1168 exporrigitalter
790 1101 964 1156 acumen„

83 1164 180 1248 Quid
195 1167 266 1253 jam
277 1166 391 1251 labra,
412 1191 537 1256 genas,
554 1165 749 1256 diversaque
760 1166 901 1233 rictibus
912 1192 971 1232 ora

83 1251 357 1320 'Commemorem
367 1257 382 1322 3
394 1257 472 1322 Fen
483 1257 546 1346 ille
554 1256 643 1347 gula
655 1255 818 1346 bipedalis
837 1257 972 1324 hiatum
1001 1299 1004 1306 ·

81 1343 173 1409 Exili
183 1362 300 1410 mento
309 1345 436 1411 fultum
452 1347 559 1434 male,
574 1347 716 1413 crassior
731 1347 814 1410 alter

26 1496 32 1509 ,
80 1433 193 1501 Labra
208 1435 375 1500 horrenda
390 1452 504 1502 movet
520 1459 604 1502 naso
619 1435 771 1524 subjecta
784 1459 937 1502 recurro.
996 1465 1000 1474 ⁴
1033 1485 1035 1493 Α

19 1573 24 1582 ,
80 1524 150 1588 Hic
167 1525 266 1613 gibbo
279 1525 432 1614 ingenti,
450 1525 652 1626 tumidoque
665 1525 845 1588 abdomine
856 1525 974 1589 tardus

80 1613 240 1701 Incedit,
263 1617 433 1704 turbaque
449 1614 564 1678 Dellm
577 1611 707 1684 ridetur
720 1613 762 1678 ab
777 1614 886 1679 omni.

125 1704 226 1788 Quin
236 1704 343 1770 etiam‘
351 1703 460 1770 varias
471 1703 576 1768 simili
586 1703 695 1796 placet
710 1718 780 1768 arte
789 1702 940 1768 serarum

79 1794 228 1860 Mentiri
242 1783 369 1882 facies,
396 1795 559 1885 Satyrum
579 1793 790 1859 hicrrillosus
806 1809 971 1886 agrestem
1013 1837 1014 1844 κ

79 1883 147 1949 Ore
158 1885 276 1970 refert,
298 1885 377 1949 dirae
393 1885 510 1949 vultus
523 1885 623 1949 habet
634 1883 689 1948 ille
702 1883 870 1949 Chimeree
885 1911 894 1973 3

79 1974 177 2040 Alter
189 1977 374 2066 noctivagoe
389 1973 560 2060 volucris,
580 1991 656 2066 quse
670 1989 789 2039 caetera
802 1975 898 2066 parvi

78 2064 194 2130 Muris
213 2065 330 2151 habet,
354 2063 468 2155 nigras
486 2064 515 2128 si
533 2089 590 2129 cor
614 2089 669 2130 ore
694 2062 841 2134 detrahis
861 2065 942 2138 alas.
1113 2066 1152 2149 Ο

1 2222 2 2225 ,
79 2153 243 2246 Harpyas
259 2154 314 2218 alii
331 2154 510 2240 simulant,
529 2153 567 2219 hi
583 2091 752 2247 gorgonis
761 2179 888 2247 angues
897 2201 910 2236 ,

79 2244 324 2334 Immanesque
342 2245 438 2334 lupos
455 2245 530 2328 alii,
548 2245 749 2336 rabidosque
761 2245 890 2311 leones:

76 2333 237 2424 Denique
248 2359 321 2399 non
337 2381 346 2419 ,
361 2335 389 2398 si
402 2333 622 2398 sint‘centum
637 2359 694 2398 ora
707 2336 866 2400 sonantia
879 2335 1010 2430 ’guis
1026 2379 1037 2420 ,

1 2421 2 2428 ἵ
76 2423 287 2490 Innumeras
300 2423 426 2515 possim
437 2423 658 2488 memorando
669 2431 834 2514 exponere
848 2423 988 2489 lormas.

122 2515 210 2582 Haec
221 2514 301 2601 ubi,
320 2512 426 2594 Sileni
437 2513 581 2581 Momua
592 2513 788 2578 conscendit
805 2512 989 2598 Asellum,
1046 2557 1051 2560 -

76 2605 179 2670 Alter
189 2603 410 2696 Bellerophon
425 2649 436 2690 ,
458 2617 491 2668 et
501 2603 662 2706 utrinque
676 2604 832 2669 sonantia
849 2599 989 2694 pulsans
1060 2655 1066 2668 .

75 2694 282 2798 Tympana,
304 2693 525 2780 spectandum
538 2693 636 2760 Diels
647 2693 715 2786 agit
726 2695 886 2760 omnibus
901 2717 1037 2786 agmen.

76 2785 242 2851 Riserunt
256 2785 395 2876 Superi,
415 2783 489 2850 risit
504 2797 598 2876 pater
614 2785 684 2877 ipse
696 2785 862 2851 Deorum.
1035 2793 1038 2804 '

40 2874 44 2886 ’
75 2875 171 2940 Hinc
180 2877 285 2940 ,talem
298 2891 434 2941 tenuere
447 2875 625 2965 homines,
639 2901 720 2968 gens
732 2877 858 2942 aemula
869 2923 879 2963 ,
890 2901 1033 2942 rnorem.

130 3051 501 3128 'CUPIDO
557 3053 904 3126 ARATOR'.

74 3161 210 3312 Qnrs
224 3171 514 3322 credattSupnjia
532 3244 593 3292 sua
614 3235 697 3286 sunt
711 3135 1019 3303 'fastidiastoelum

71 3309 248 3397 Linquere
259 3324 377 3372 amant
393 3355 402 3394 ,
417 3309 499 3400 ips1s
511 3325 543 3374 et
561 3334 623 3399 gau
629 3310 684 3374 dia
695 3333 842 3397 quaerere
857 3309 973 3374 terris!

71 3398 125 3462 Fu
152 3413 219 3461 erat
236 3399 412 3482 aethereaS,
428 3399 519 3471 curis
531 3399 813 3483 stirnnlantibuS,
835 3421 927 3470 arces
1002 3441 1013 3479 .·

70 3424 201 3552 Idalius
217 3489 323 3574 Puer,
344 3503 378 3554 at
389 3485 473 3552 laetis
490 3513 600 3553 novus
615 3489 676 3554 hos
701 3511 735 3550 es
748 3487 787 3548 in
800 3486 889 3576 agris

69 3577 167 3643 Dum
177 3578 285 3664 ludit,
302 3575 407 3644 tauris
422 3577 630 3644 instructum
649 3514 793 3641 ollandit
812 3591 975 3642 aratrum

116 3667 224 3732 Nulla
238 3685 411 3759 moreest,
427 3669 621 3762 pharetram
636 3692 675 3732 ex
686 3665 839 3734 humeris
852 3667 1042 3762 taedamque
1055 3668 1210 3766 reponis,
1301 3723 1308 3735 ,

69 3759 272 3849 Fatalesque
282 3783 403 3851 arcae,
420 3776 470 3851 et,
486 3759 556 3857 qud
567 3757 695 3830 velabat
706 3757 883 3884 ocellos3·
1078 3775 1098 3788 ⁴·
1194 3783 1198 3788 ·
