2632 4452
151 224 222 296 ιώ
428 238 801 290 eannrnnn

145 345 250 410 Illum
266 342 355 407 inter
371 339 501 405 medios
519 337 616 404 dorso
629 335 819 404 famulante
832 335 1017 428 superbum

144 435 222 501 Fert
240 432 371 522 elephas
379 477 391 512 ,
415 430 560 520 cingunt
576 429 699 494 alacres
716 428 798 492 hinc
814 427 895 494 inde
911 423 1067 516 manipli.

186 522 288 591 ‘Vidit
305 523 346 587 ab
360 521 497 588 adverso
510 519 703 586 venientem
718 519 898 584 Eleazarus
912 518 1065 604 bostem5

143 613 262 700 Vidit,
279 629 311 678 et
323 613 492 676 immenso
508 609 689 675 transfixus
704 609 805 674 corda
817 609 930 675 dolore

143 698 307 794 Concepit
325 703 443 794 dignas
457 699 580 764 animis
593 699 790 789 ingentibus
803 698 882 764 iras.

142 795 250 884 Ergo,
271 793 336 880 ait,
350 793 490 858 insanos
504 805 654 854 exerceat
669 813 778 879 usque
788 787 945 876 ¹furores,

141 881 507 974 SacrilegoqueDeum
522 879 598 943 Rex
610 877 737 968 impius
752 903 807 944 ore
823 879 986 954 lacessat?

139 975 223 1060 Ibo,
240 974 295 1038 ibo
309 972 433 1038 vindex
443 969 609 1061 Solymae:
626 993 689 1036 nec
703 969 802 1060 plura
813 969 969 1056 locutus,

138 1063 362 1128 Fulmineum
374 1060 557 1126 minitante
570 1084 679 1126 manu
692 1074 779 1124 rotat
791 1060 935 1150 impiger
946 1081 1060 1124 ensem
1072 1077 1087 1148 ,¹

137 1153 355 1242 Hostilesque
364 1150 455 1218 subit
467 1173 611 1216 cuneos=
628 1150 846 1240 qudcumque
863 1149 948 1216 ferat
961 1174 1016 1239 se,

49 1275 52 1279 ·
137 1243 194 1308 Fit
204 1243 279 1329 via,
293 1242 349 1329 vi,
368 1239 565 1332 rumpitque
579 1238 690 1306 aditus
705 1239 820 1326 ,cadit
833 1239 938 1306 hostis
952 1242 1114 1330 utrinque
1129 1259 1145 1328 5

136 1333 413 1424 Luctantemque
429 1332 581 1397 animam
594 1354 680 1396 saevo
693 1329 732 1394 in
743 1353 909 1396 mucrone
922 1330 1097 1418 relinquit.

182 1424 270 1488 Mox
279 1423 341 1488 ubi
354 1422 442 1488 caede
456 1419 597 1487 madens
610 1420 742 1488 hostem
753 1419 903 1512 pervenit
914 1421 956 1486 ad
965 1420 1101 1511 ipsum,
1127 1489 1130 1492 ,

133 1513 342 1600 Procubuit,
358 1511 559 1602 mediusque
571 1509 648 1576 ferae
658 1512 747 1576 inter
762 1523 861 1577 crura
875 1511 1033 1600 volutus,

133 1605 218 1689 Qud
234 1603 371 1668 reclusit
380 1602 480 1668 hians
490 1601 623 1668 aditum
633 1601 737 1668 lorica
751 1617 945 1694 patentem,

134 1692 248 1757 Altius
265 1691 420 1756 insinuat
433 1706 539 1756 setosa
551 1717 610 1781 per
623 1692 681 1754 ilia
693 1691 834 1755 ferrum.
1033 1771 1036 1778 Δ

130 1777 206 1846 Icta
218 1781 307 1846 cadit
320 1780 553 1870 nequicquam
564 1777 725 1865 ululans,
741 1777 940 1868 victumque
954 1777 1106 1846 cadendo

131 1870 252 1936 Bellua
266 1869 428 1936 subvertit
446 1884 539 1935 vasto
552 1893 634 1934 cum
650 1867 797 1962 pondere
811 1869 862 1934 Re
886 1894 954 1934 em.

134 1960 211 2051 Ipse
225 1951 327 2026 etiam
337 1959 446 2026 victor
458 1959 522 2026 sub
529 1961 618 2024 mole
631 1983 807 2051 oppressus
818 1894 937 2024 eddem

77 2137 79 2142 Ι
133 2050 313 2142 Insignem
329 2050 450 2142 reperit
465 2048 518 2116 vel
530 2049 569 2114 in
580 2049 656 2141 ipsd
667 2039 776 2116 mor'te
791 2049 1025 2141 triumphum.

154 2224 621 2302 MAanBAEormu
657 2227 1045 2314 Murranum
1136 2215 1171 2236 ·’
1255 2195 1258 2208 ’

273 2417 323 2464 un
360 2416 580 2464 norrun
616 2389 944 2500 noarrr'urx.

47 2548 50 2554 ’
127 2499 201 2617 Pu
209 2580 229 2620 o
245 2555 315 2620 ritu
327 2530 435 2656 patrio
448 2589 458 2640 ,·
470 2578 532 2644 pro
545 2553 722 2645 Religione
735 2511 886 2648 tuendd,

19 2725 22 2732 Ι
126 2645 207 2710 Jam
218 2645 333 2710 dulces
346 2669 499 2712 ammosa
534 2669 632 2709 arens
645 2667 702 2711 sex
712 2648 830 2714 ordine
838 2663 937 2716 natos

77 2749 79 2756 ’
126 2734 270 2802 Viderat
280 2667 624 2884 innocuopendentes
637 2739 804 2828 sanguine
815 2763 943 2828 poenas.

16 2826 63 2886 ,“
125 2823 319 2914 Purpureas
332 2847 404 2888 non
417 2823 697 2914 ilagenas,n0n
709 2843 844 2917 pectora
862 2830 1002 2919 tundit,
1061 2880 1067 2902 -.
1146 2827 1147 2830 ¹

126 2917 202 2980 Aut
215 2913 317 2978 flavos
335 2914 479 3000 lacerat,
498 2929 648 2987 matrum
660 2916 700 2982 de
712 2941 828 3006 more,
843 2920 992 3010 capillos.

127 3003 296 3069 Dulcibus
308 3019 346 3088 at
362 3003 522 3092 lacrymis
533 3005 648 3070 vultus
660 3006 793 3095 perfusa
804 3033 960 3096 serenos,

124 3095 183 3159 Sic
198 3109 321 3159 natum
331 3091 519 3158 minimum
533 3093 734 3183 alloquitur,
752 3121 835 3162 nam
845 3099 987 3189 septima
1000 3097 1096 3170 duris

125 3185 280 3262 Victima
292 3191 430 3250 restarat
441 3183 635 3249 tortoribus.
651 3185 715 3250 Eia
731 3209 815 3278 age,
827 3188 933 3277 dixit,

124 3270 187 3338 Eia
203 3301 282 3366 age,
299 3273 415 3340 matris
433 3299 549 3360 amor,
564 3298 637 3366 spes
650 3276 793 3366 ultima3
808 3277 966 3348 fratribus
975 3282 1067 3348 ultrb

123 3363 143 3426 1
156 3363 257 3428 frater
266 3390 400 3452 comes,
414 3382 446 3431 et
454 3364 593 3456 paribus
603 3378 675 3431 non
686 3367 828 3458 degener
839 3371 930 3436 ausis

122 3453 216 3517 Pone
229 3454 403 3542 animam,
422 3472 454 3521 ct
465 3455 570 3524 l'urias
581 3457 745 3529 immanis
758 3459 879 3526 vincet
906 3463 1019 3530 ranni.

122 3540 212 3626 Quae
221 3542 365 3610 fratrum
377 3546 482 3634 ¹fortes
500 3549 633 3614 animas
644 3549 716 3638 jam
728 3552 819 3641 regia
832 3487 906 3616 coeli

121 3631 213 3700 Exce
237 3631 264 3698 it
278 3649 335 3719 ,te
352 3651 383 3698 te
401 3652 577 3727 expectat,
595 3639 657 3702 tibi
666 3639 787 3706 limina
798 3640 928 3730 pandit.

160 3721 198 3816 T
235 3723 266 3795 'a
282 3722 434 3816 dicebat,
448 3728 528 3794 clim
538 3727 699 3796 barbarus
712 3751 787 3800 ecce
799 3729 927 3798 satelles
940 3769 942 3776 ·
