<?xml version="1.0" encoding="UTF-8"?>
<!DOCTYPE html PUBLIC "-//W3C//DTD XHTML 1.0 Transitional//EN"
    "http://www.w3.org/TR/xhtml1/DTD/xhtml1-transitional.dtd">
<html xmlns="http://www.w3.org/1999/xhtml" xml:lang="en" lang="en">
 <head>
  <title>
</title>
<meta http-equiv="Content-Type" content="text/html;charset=utf-8" />
  <meta name='ocr-system' content='tesseract 3.04.00' />
  <meta name='ocr-capabilities' content='ocr_page ocr_carea ocr_par ocr_line ocrx_word'/>
</head>
<body>
  <div class='ocr_page' id='page_1' title='image "./bibliothecarhet00jaygoog_0506.png"; bbox 0 0 2690 4452; ppageno 0'>
   <div class='ocr_carea' id='block_1_1' title="bbox 104 301 855 378">
    <p class='ocr_par' dir='ltr' id='par_1_1' title="bbox 104 301 855 378">
     <span class='ocr_line' id='line_1_1' title="bbox 104 301 855 378; baseline 0.005 -4"><span class='ocrx_word' id='word_1_1' title='bbox 104 301 178 374; x_wconf 74' lang='lat'><strong>502</strong></span> <span class='ocrx_word' id='word_1_2' title='bbox 385 319 756 376; x_wconf 63' lang='lat' dir='ltr'><strong>annutante</strong></span> <span class='ocrx_word' id='word_1_3' title='bbox 846 365 855 378; x_wconf 89' lang='lat'>.</span> 
     </span>
    </p>
   </div>
   <div class='ocr_carea' id='block_1_2' title="bbox 101 421 1188 1952">
    <p class='ocr_par' dir='ltr' id='par_1_2' title="bbox 101 421 1062 694">
     <span class='ocr_line' id='line_1_2' title="bbox 101 421 1062 516; baseline 0.004 -28"><span class='ocrx_word' id='word_1_4' title='bbox 101 423 219 488; x_wconf 84' lang='lat' dir='ltr'><strong>Castra</strong></span> <span class='ocrx_word' id='word_1_5' title='bbox 235 437 367 514; x_wconf 83' lang='lat' dir='ltr'><strong>petunt.</strong></span> <span class='ocrx_word' id='word_1_6' title='bbox 391 423 509 490; x_wconf 82' lang='lat' dir='ltr'><strong>Volsci</strong></span> <span class='ocrx_word' id='word_1_7' title='bbox 526 425 700 516; x_wconf 72' lang='lat' dir='ltr'><strong>stupuere,</strong></span> <span class='ocrx_word' id='word_1_8' title='bbox 716 421 1062 494; x_wconf 77' lang='lat' dir='ltr'><strong>hominesneDeosne</strong></span> 
     </span>
     <span class='ocr_line' id='line_1_3' title="bbox 103 502 985 598; baseline -0.002 -16"><span class='ocrx_word' id='word_1_9' title='bbox 103 513 250 598; x_wconf 83' lang='lat' dir='ltr'>Incerti,</span> <span class='ocrx_word' id='word_1_10' title='bbox 271 529 310 578; x_wconf 90' lang='lat' dir='ltr'><strong>ut</strong></span> <span class='ocrx_word' id='word_1_11' title='bbox 328 512 464 596; x_wconf 82' lang='lat' dir='ltr'><strong>videre,</strong></span> <span class='ocrx_word' id='word_1_12' title='bbox 480 511 591 582; x_wconf 85' lang='lat' dir='ltr'><strong>silent.</strong></span> <span class='ocrx_word' id='word_1_13' title='bbox 605 515 811 584; x_wconf 87' lang='lat' dir='ltr'><strong>Hominesve</strong></span> <span class='ocrx_word' id='word_1_14' title='bbox 821 502 985 594; x_wconf 50' lang='lat' dir='ltr'><strong>:Deoua</strong></span> 
     </span>
     <span class='ocr_line' id='line_1_4' title="bbox 103 601 918 694; baseline -0.005 -22"><span class='ocrx_word' id='word_1_15' title='bbox 103 601 246 690; x_wconf 83' lang='lat' dir='ltr'><strong>llejicit,</strong></span> <span class='ocrx_word' id='word_1_16' title='bbox 265 619 297 668; x_wconf 88' lang='lat' dir='ltr'><strong>et</strong></span> <span class='ocrx_word' id='word_1_17' title='bbox 313 603 433 670; x_wconf 74' lang='lat' dir='ltr'><strong>Patria</strong></span> <span class='ocrx_word' id='word_1_18' title='bbox 446 603 516 694; x_wconf 75' lang='lat' dir='ltr'><strong>iarn</strong></span> <span class='ocrx_word' id='word_1_19' title='bbox 525 603 672 670; x_wconf 89' lang='lat' dir='ltr'><strong>numina</strong></span> <span class='ocrx_word' id='word_1_20' title='bbox 688 629 739 669; x_wconf 90' lang='lat' dir='ltr'><strong>res</strong></span> <span class='ocrx_word' id='word_1_21' title='bbox 763 605 815 670; x_wconf 92' lang='lat' dir='ltr'><strong>uit</strong></span> <span class='ocrx_word' id='word_1_22' title='bbox 828 605 918 670; x_wconf 86' lang='lat' dir='ltr'><strong>exul.</strong></span> 
     </span>
    </p>

    <p class='ocr_par' dir='ltr' id='par_1_3' title="bbox 103 629 1111 1236">
     <span class='ocr_line' id='line_1_5' title="bbox 150 629 979 786; baseline 0.004 -30"><span class='ocrx_word' id='word_1_23' title='bbox 150 693 244 757; x_wconf 83' lang='lat' dir='ltr'><strong>Tum</strong></span> <span class='ocrx_word' id='word_1_24' title='bbox 261 693 338 758; x_wconf 80' lang='lat' dir='ltr'><strong>verb</strong></span> <span class='ocrx_word' id='word_1_25' title='bbox 348 717 451 786; x_wconf 86' lang='lat' dir='ltr'><strong>pavor</strong></span> <span class='ocrx_word' id='word_1_26' title='bbox 466 693 678 786; x_wconf 75' lang='lat' dir='ltr'><strong>ingeminat3</strong></span> <span class='ocrx_word' id='word_1_27' title='bbox 689 629 863 764; x_wconf 63' lang='lat' dir='ltr'><strong>delinara</strong></span> <span class='ocrx_word' id='word_1_28' title='bbox 872 693 979 759; x_wconf 88' lang='lat' dir='ltr'><strong>muris</strong></span> 
     </span>
     <span class='ocr_line' id='line_1_6' title="bbox 105 782 1020 876; baseline 0.005 -32"><span class='ocrx_word' id='word_1_29' title='bbox 105 782 252 872; x_wconf 60' lang='lat' dir='ltr'><strong>corpora</strong></span> <span class='ocrx_word' id='word_1_30' title='bbox 266 828 276 869; x_wconf 94' lang='lat'><strong>,</strong></span> <span class='ocrx_word' id='word_1_31' title='bbox 291 783 483 875; x_wconf 84' lang='lat' dir='ltr'><strong>corporibus</strong></span> <span class='ocrx_word' id='word_1_32' title='bbox 495 808 610 852; x_wconf 86' lang='lat' dir='ltr'><strong>mures</strong></span> <span class='ocrx_word' id='word_1_33' title='bbox 623 808 696 876; x_wconf 88' lang='lat' dir='ltr'><strong>spes</strong></span> <span class='ocrx_word' id='word_1_34' title='bbox 705 784 864 856; x_wconf 84' lang='lat' dir='ltr'><strong>omnibus</strong></span> <span class='ocrx_word' id='word_1_35' title='bbox 878 808 948 852; x_wconf 87' lang='lat' dir='ltr'><strong>una</strong></span> <span class='ocrx_word' id='word_1_36' title='bbox 960 797 1020 850; x_wconf 87' lang='lat' dir='ltr'><strong>est.</strong></span> 
     </span>
     <span class='ocr_line' id='line_1_7' title="bbox 106 871 970 966; baseline 0 -26"><span class='ocrx_word' id='word_1_37' title='bbox 106 871 251 940; x_wconf 86' lang='lat' dir='ltr'><strong>Poenitet</strong></span> <span class='ocrx_word' id='word_1_38' title='bbox 264 873 394 944; x_wconf 82' lang='lat' dir='ltr'><strong>irarum</strong></span> <span class='ocrx_word' id='word_1_39' title='bbox 413 900 422 937; x_wconf 77' lang='lat' dir='ltr'><strong>r</strong></span> <span class='ocrx_word' id='word_1_40' title='bbox 445 876 550 966; x_wconf 77' lang='lat' dir='ltr'><strong>qudm</strong></span> <span class='ocrx_word' id='word_1_41' title='bbox 562 874 649 940; x_wconf 89' lang='lat' dir='ltr'><strong>nolit</strong></span> <span class='ocrx_word' id='word_1_42' title='bbox 666 875 798 964; x_wconf 84' lang='lat' dir='ltr'><strong>Roma,</strong></span> <span class='ocrx_word' id='word_1_43' title='bbox 814 874 970 966; x_wconf 72' lang='lat' dir='ltr'><strong>trophaeis</strong></span> 
     </span>
     <span class='ocr_line' id='line_1_8' title="bbox 107 962 1021 1052; baseline 0 -24"><span class='ocrx_word' id='word_1_44' title='bbox 107 963 290 1052; x_wconf 83' lang='lat' dir='ltr'><strong>Expertam</strong></span> <span class='ocrx_word' id='word_1_45' title='bbox 306 965 403 1028; x_wconf 85' lang='lat' dir='ltr'><strong>toties</strong></span> <span class='ocrx_word' id='word_1_46' title='bbox 419 1009 430 1050; x_wconf 90' lang='lat'><strong>,</strong></span> <span class='ocrx_word' id='word_1_47' title='bbox 445 987 591 1032; x_wconf 85' lang='lat' dir='ltr'><strong>armasse</strong></span> <span class='ocrx_word' id='word_1_48' title='bbox 607 964 646 1030; x_wconf 86' lang='lat' dir='ltr'><strong>in</strong></span> <span class='ocrx_word' id='word_1_49' title='bbox 667 965 788 1030; x_wconf 77' lang='lat' dir='ltr'><strong>limera</strong></span> <span class='ocrx_word' id='word_1_50' title='bbox 801 962 977 1032; x_wconf 76' lang='lat' dir='ltr'><strong>dextram!</strong></span> <span class='ocrx_word' id='word_1_51' title='bbox 1015 971 1021 981; x_wconf 85' lang='lat'>&#39;</span> 
     </span>
     <span class='ocr_line' id='line_1_9' title="bbox 107 1051 1111 1154; baseline 0 -36"><span class='ocrx_word' id='word_1_52' title='bbox 107 1051 253 1154; x_wconf 84' lang='lat' dir='ltr'><strong>Templa</strong></span> <span class='ocrx_word' id='word_1_53' title='bbox 270 1068 414 1144; x_wconf 81' lang='lat' dir='ltr'><strong>gemunt</strong></span> <span class='ocrx_word' id='word_1_54' title='bbox 425 1060 668 1146; x_wconf 53' lang='lat' dir='ltr'><strong>§matrumque</strong></span> <span class='ocrx_word' id='word_1_55' title='bbox 685 1053 800 1120; x_wconf 85' lang='lat' dir='ltr'><strong>effusis</strong></span> <span class='ocrx_word' id='word_1_56' title='bbox 817 1054 967 1121; x_wconf 85' lang='lat' dir='ltr'><strong>crinibus</strong></span> <span class='ocrx_word' id='word_1_57' title='bbox 984 1073 1111 1142; x_wconf 78' lang='lat' dir='ltr'><strong>agmen</strong></span> 
     </span>
     <span class='ocr_line' id='line_1_10' title="bbox 103 1141 959 1236; baseline -0.005 -24"><span class='ocrx_word' id='word_1_58' title='bbox 103 1141 226 1212; x_wconf 58' lang='lat' dir='ltr'><strong>Nernt</strong></span> <span class='ocrx_word' id='word_1_59' title='bbox 238 1141 411 1228; x_wconf 88' lang='lat' dir='ltr'><strong>humum,</strong></span> <span class='ocrx_word' id='word_1_60' title='bbox 428 1143 577 1236; x_wconf 88' lang='lat' dir='ltr'><strong>fletuque</strong></span> <span class='ocrx_word' id='word_1_61' title='bbox 593 1167 665 1214; x_wconf 81' lang='lat' dir='ltr'><strong>aras</strong></span> <span class='ocrx_word' id='word_1_62' title='bbox 679 1144 822 1236; x_wconf 78' lang='lat' dir='ltr'><strong>aspergit</strong></span> <span class='ocrx_word' id='word_1_63' title='bbox 833 1167 959 1210; x_wconf 84' lang='lat' dir='ltr'><strong>amaro.</strong></span> 
     </span>
    </p>

    <p class='ocr_par' dir='ltr' id='par_1_4' title="bbox 110 1231 1188 1952">
     <span class='ocr_line' id='line_1_11' title="bbox 158 1231 1082 1325; baseline -0.003 -28"><span class='ocrx_word' id='word_1_64' title='bbox 158 1231 246 1298; x_wconf 83' lang='lat' dir='ltr'><strong>Ecce</strong></span> <span class='ocrx_word' id='word_1_65' title='bbox 259 1249 375 1300; x_wconf 88' lang='lat' dir='ltr'><strong>autem</strong></span> <span class='ocrx_word' id='word_1_66' title='bbox 387 1238 404 1298; x_wconf 80' lang='grc' dir='ltr'><strong>ὸ</strong></span> <span class='ocrx_word' id='word_1_67' title='bbox 415 1233 567 1325; x_wconf 88' lang='lat' dir='ltr'><strong>templis,</strong></span> <span class='ocrx_word' id='word_1_68' title='bbox 586 1256 645 1300; x_wconf 89' lang='lat' dir='ltr'><strong>seu</strong></span> <span class='ocrx_word' id='word_1_69' title='bbox 659 1257 758 1299; x_wconf 86' lang='lat' dir='ltr'><strong>mens</strong></span> <span class='ocrx_word' id='word_1_70' title='bbox 772 1249 820 1305; x_wconf 81' lang='lat' dir='ltr'><strong>est</strong></span> <span class='ocrx_word' id='word_1_71' title='bbox 835 1233 894 1302; x_wconf 90' lang='lat' dir='ltr'><strong>illa</strong></span> <span class='ocrx_word' id='word_1_72' title='bbox 906 1233 1082 1316; x_wconf 85' lang='lat' dir='ltr'><strong>Deorum,</strong></span> 
     </span>
     <span class='ocr_line' id='line_1_12' title="bbox 110 1321 1188 1414; baseline 0.004 -28"><span class='ocrx_word' id='word_1_73' title='bbox 110 1321 180 1386; x_wconf 85' lang='lat' dir='ltr'><strong>Seu</strong></span> <span class='ocrx_word' id='word_1_74' title='bbox 193 1345 254 1388; x_wconf 82' lang='lat' dir='ltr'><strong>sua</strong></span> <span class='ocrx_word' id='word_1_75' title='bbox 266 1345 365 1390; x_wconf 90' lang='lat' dir='ltr'><strong>mens</strong></span> <span class='ocrx_word' id='word_1_76' title='bbox 379 1322 418 1389; x_wconf 85' lang='lat' dir='ltr'><strong>fit</strong></span> <span class='ocrx_word' id='word_1_77' title='bbox 434 1324 557 1414; x_wconf 89' lang='lat' dir='ltr'><strong>cuique</strong></span> <span class='ocrx_word' id='word_1_78' title='bbox 573 1323 681 1402; x_wconf 86' lang='lat' dir='ltr'><strong>Deus,</strong></span> <span class='ocrx_word' id='word_1_79' title='bbox 699 1323 933 1414; x_wconf 74' lang='lat' dir='ltr'><strong>consurgiturs</strong></span> <span class='ocrx_word' id='word_1_80' title='bbox 951 1345 1026 1390; x_wconf 87' lang='lat' dir='ltr'><strong>una</strong></span> <span class='ocrx_word' id='word_1_81' title='bbox 1135 1387 1138 1393; x_wconf 88' lang='grc'><strong><em>,</em></strong></span> <span class='ocrx_word' id='word_1_82' title='bbox 1181 1374 1188 1390; x_wconf 91' lang='grc'><em>.</em></span> 
     </span>
     <span class='ocr_line' id='line_1_13' title="bbox 111 1409 1034 1516; baseline -0.002 -36"><span class='ocrx_word' id='word_1_83' title='bbox 111 1409 344 1486; x_wconf 80' lang='lat' dir='ltr'><strong>Romulidum</strong></span> <span class='ocrx_word' id='word_1_84' title='bbox 356 1413 521 1516; x_wconf 71' lang='lat' dir='ltr'><strong>reliquas,</strong></span> <span class='ocrx_word' id='word_1_85' title='bbox 540 1412 667 1505; x_wconf 79' lang='lat' dir='ltr'><strong>gemitu</strong></span> <span class='ocrx_word' id='word_1_86' title='bbox 677 1428 855 1504; x_wconf 81' lang='lat' dir='ltr'><strong>quassante</strong></span> <span class='ocrx_word' id='word_1_87' title='bbox 867 1458 877 1500; x_wconf 90' lang='lat'><strong>,</strong></span> <span class='ocrx_word' id='word_1_88' title='bbox 889 1411 1034 1479; x_wconf 77' lang='lat' dir='ltr'><strong>&#39;scentes</strong></span> 
     </span>
     <span class='ocr_line' id='line_1_14' title="bbox 113 1439 1037 1595; baseline 0.004 -27"><span class='ocrx_word' id='word_1_89' title='bbox 113 1501 269 1586; x_wconf 82' lang='lat' dir='ltr'><strong>Excitat,</strong></span> <span class='ocrx_word' id='word_1_90' title='bbox 289 1519 323 1569; x_wconf 89' lang='lat' dir='ltr'><strong>et</strong></span> <span class='ocrx_word' id='word_1_91' title='bbox 341 1503 445 1574; x_wconf 77' lang='lat' dir='ltr'><strong>subiti</strong></span> <span class='ocrx_word' id='word_1_92' title='bbox 460 1503 531 1574; x_wconf 65' lang='lat' dir='ltr'><strong>dix</strong></span> <span class='ocrx_word' id='word_1_93' title='bbox 548 1502 693 1595; x_wconf 83' lang='lat' dir='ltr'><strong>agminis</strong></span> <span class='ocrx_word' id='word_1_94' title='bbox 703 1501 825 1570; x_wconf 87' lang='lat' dir='ltr'><strong>emicat</strong></span> <span class='ocrx_word' id='word_1_95' title='bbox 837 1439 983 1590; x_wconf 77' lang='lat' dir='ltr'><strong>ardens,</strong></span> <span class='ocrx_word' id='word_1_96' title='bbox 1034 1523 1037 1526; x_wconf 84' lang='grc'><em>“</em></span> 
     </span>
     <span class='ocr_line' id='line_1_15' title="bbox 112 1590 942 1683; baseline -0.002 -25"><span class='ocrx_word' id='word_1_97' title='bbox 112 1593 224 1682; x_wconf 79' lang='lat' dir='ltr'><strong>Seque</strong></span> <span class='ocrx_word' id='word_1_98' title='bbox 244 1592 314 1658; x_wconf 83' lang='lat' dir='ltr'><strong>tuis</strong></span> <span class='ocrx_word' id='word_1_99' title='bbox 332 1590 459 1679; x_wconf 81' lang='lat' dir='ltr'><strong>infert,</strong></span> <span class='ocrx_word' id='word_1_100' title='bbox 480 1617 641 1683; x_wconf 82' lang='lat' dir='ltr'><strong>generosa</strong></span> <span class='ocrx_word' id='word_1_101' title='bbox 655 1593 816 1681; x_wconf 86' lang='lat' dir='ltr'><strong>Veturia,</strong></span> <span class='ocrx_word' id='word_1_102' title='bbox 834 1591 942 1659; x_wconf 84' lang='lat' dir='ltr'><strong>tectis.</strong></span> 
     </span>
     <span class='ocr_line' id='line_1_16' title="bbox 115 1680 998 1774; baseline -0.005 -26"><span class='ocrx_word' id='word_1_103' title='bbox 115 1680 234 1748; x_wconf 82' lang='lat' dir='ltr'><strong>Exulis</strong></span> <span class='ocrx_word' id='word_1_104' title='bbox 255 1681 327 1747; x_wconf 81' lang='lat' dir='ltr'><strong>baec</strong></span> <span class='ocrx_word' id='word_1_105' title='bbox 349 1682 519 1774; x_wconf 82' lang='lat' dir='ltr'><strong>genitrix,</strong></span> <span class='ocrx_word' id='word_1_106' title='bbox 537 1684 657 1750; x_wconf 69' lang='lat' dir='ltr'><strong>Patriae</strong></span> <span class='ocrx_word' id='word_1_107' title='bbox 673 1682 836 1774; x_wconf 81' lang='lat' dir='ltr'><strong>peperisse</strong></span> <span class='ocrx_word' id='word_1_108' title='bbox 857 1681 998 1749; x_wconf 79' lang='lat' dir='ltr'><strong>salutem</strong></span> 
     </span>
     <span class='ocr_line' id='line_1_17' title="bbox 116 1769 1029 1855; baseline -0.002 -19"><span class='ocrx_word' id='word_1_109' title='bbox 116 1769 211 1836; x_wconf 83' lang='lat' dir='ltr'><strong>Loeta</strong></span> <span class='ocrx_word' id='word_1_110' title='bbox 255 1769 347 1854; x_wconf 79' lang='lat' dir='ltr'><strong>rius,</strong></span> <span class='ocrx_word' id='word_1_111' title='bbox 370 1795 466 1836; x_wconf 90' lang='lat' dir='ltr'><strong>nunc</strong></span> <span class='ocrx_word' id='word_1_112' title='bbox 485 1789 605 1838; x_wconf 86' lang='lat' dir='ltr'><strong>moesta</strong></span> <span class='ocrx_word' id='word_1_113' title='bbox 647 1797 738 1838; x_wconf 82' lang='lat' dir='ltr'><strong>sares</strong></span> <span class='ocrx_word' id='word_1_114' title='bbox 754 1771 874 1840; x_wconf 86' lang='lat' dir='ltr'><strong>aluisse</strong></span> <span class='ocrx_word' id='word_1_115' title='bbox 890 1771 1029 1855; x_wconf 85' lang='lat' dir='ltr'><strong>ruinas,</strong></span> 
     </span>
     <span class='ocr_line' id='line_1_18' title="bbox 117 1797 979 1952; baseline -0.001 -27"><span class='ocrx_word' id='word_1_116' title='bbox 117 1859 198 1928; x_wconf 82' lang='lat' dir='ltr'><strong>Ah!</strong></span> <span class='ocrx_word' id='word_1_117' title='bbox 246 1859 310 1925; x_wconf 83' lang='lat' dir='ltr'><strong>&#39;ns</strong></span> <span class='ocrx_word' id='word_1_118' title='bbox 329 1859 411 1925; x_wconf 87' lang='lat' dir='ltr'><strong>Nati</strong></span> <span class='ocrx_word' id='word_1_119' title='bbox 425 1883 600 1930; x_wconf 86' lang='lat' dir='ltr'><strong>successus</strong></span> <span class='ocrx_word' id='word_1_120' title='bbox 619 1797 741 1948; x_wconf 65' lang='lat' dir='ltr'><strong>debat,</strong></span> <span class='ocrx_word' id='word_1_121' title='bbox 765 1876 979 1952; x_wconf 86' lang='lat' dir='ltr'><strong>amatamque</strong></span> 
     </span>
    </p>
   </div>
   <div class='ocr_carea' id='block_1_3' title="bbox 118 1949 1068 2232">
    <p class='ocr_par' dir='ltr' id='par_1_5' title="bbox 118 1949 1068 2232">
     <span class='ocr_line' id='line_1_19' title="bbox 118 1949 943 2044; baseline -0.005 -26"><span class='ocrx_word' id='word_1_122' title='bbox 118 1949 283 2018; x_wconf 77' lang='lat' dir='ltr'><strong>Execrata</strong></span> <span class='ocrx_word' id='word_1_123' title='bbox 304 1973 451 2022; x_wconf 75' lang='lat' dir='ltr'><strong>manum</strong></span> <span class='ocrx_word' id='word_1_124' title='bbox 470 1951 650 2042; x_wconf 87' lang='lat' dir='ltr'><strong>lucemque</strong></span> <span class='ocrx_word' id='word_1_125' title='bbox 671 1975 786 2044; x_wconf 88' lang='lat' dir='ltr'><strong>perosa</strong></span> <span class='ocrx_word' id='word_1_126' title='bbox 801 1951 943 2020; x_wconf 84' lang='lat' dir='ltr'><strong>sedebat.</strong></span> 
     </span>
     <span class='ocr_line' id='line_1_20' title="bbox 120 2037 1068 2134; baseline -0.011 -24"><span class='ocrx_word' id='word_1_127' title='bbox 120 2037 257 2110; x_wconf 82' lang='lat' dir='ltr'><strong>Assidet</strong></span> <span class='ocrx_word' id='word_1_128' title='bbox 273 2063 333 2105; x_wconf 86' lang='lat' dir='ltr'><strong>ora</strong></span> <span class='ocrx_word' id='word_1_129' title='bbox 347 2040 490 2109; x_wconf 87' lang='lat' dir='ltr'><strong>madens</strong></span> <span class='ocrx_word' id='word_1_130' title='bbox 506 2041 666 2134; x_wconf 79' lang='lat' dir='ltr'><strong>lacrymis</strong></span> <span class='ocrx_word' id='word_1_131' title='bbox 680 2063 810 2128; x_wconf 82' lang='lat' dir='ltr'><strong>nurus3</strong></span> <span class='ocrx_word' id='word_1_132' title='bbox 829 2039 886 2106; x_wconf 89' lang='lat' dir='ltr'><strong>illa</strong></span> <span class='ocrx_word' id='word_1_133' title='bbox 905 2038 1068 2106; x_wconf 86' lang='lat' dir='ltr'><strong>maritum</strong></span> 
     </span>
     <span class='ocr_line' id='line_1_21' title="bbox 121 2127 1035 2232; baseline -0.008 -36"><span class='ocrx_word' id='word_1_134' title='bbox 121 2127 206 2196; x_wconf 90' lang='lat' dir='ltr'><strong>Odit</strong></span> <span class='ocrx_word' id='word_1_135' title='bbox 227 2155 372 2218; x_wconf 68' lang='lat' dir='ltr'><strong>amans,</strong></span> <span class='ocrx_word' id='word_1_136' title='bbox 399 2129 520 2218; x_wconf 77' lang='lat' dir='ltr'><strong>dpbios</strong></span> <span class='ocrx_word' id='word_1_137' title='bbox 539 2132 654 2232; x_wconf 82' lang='lat' dir='ltr'><strong>coquit</strong></span> <span class='ocrx_word' id='word_1_138' title='bbox 675 2154 763 2231; x_wconf 74' lang='lat' dir='ltr'><strong>aegro</strong></span> <span class='ocrx_word' id='word_1_139' title='bbox 780 2131 878 2199; x_wconf 88' lang='lat' dir='ltr'><strong>corde</strong></span> <span class='ocrx_word' id='word_1_140' title='bbox 895 2127 1035 2194; x_wconf 84' lang='lat' dir='ltr'><strong>dolores.</strong></span> 
     </span>
    </p>
   </div>
   <div class='ocr_carea' id='block_1_4' title="bbox 32 2217 1201 3830">
    <p class='ocr_par' dir='ltr' id='par_1_6' title="bbox 32 2217 1201 3830">
     <span class='ocr_line' id='line_1_22' title="bbox 122 2217 967 2309; baseline -0.004 -25"><span class='ocrx_word' id='word_1_141' title='bbox 122 2217 156 2284; x_wconf 87' lang='grc' dir='ltr'><strong>Ο</strong></span> <span class='ocrx_word' id='word_1_142' title='bbox 175 2221 309 2286; x_wconf 84' lang='lat' dir='ltr'><strong>Patria!</strong></span> <span class='ocrx_word' id='word_1_143' title='bbox 334 2219 519 2309; x_wconf 77' lang='lat' dir='ltr'><strong>boonjux!</strong></span> <span class='ocrx_word' id='word_1_144' title='bbox 544 2235 661 2289; x_wconf 90' lang='lat' dir='ltr'><strong>tac1tos</strong></span> <span class='ocrx_word' id='word_1_145' title='bbox 682 2217 813 2285; x_wconf 79' lang='lat' dir='ltr'><strong>drvulsa</strong></span> <span class='ocrx_word' id='word_1_146' title='bbox 837 2219 967 2284; x_wconf 80' lang='lat' dir='ltr'><strong>volutat</strong></span> 
     </span>
     <span class='ocr_line' id='line_1_23' title="bbox 122 2305 1050 2397; baseline -0.01 -21"><span class='ocrx_word' id='word_1_147' title='bbox 122 2308 205 2376; x_wconf 86' lang='lat' dir='ltr'><strong>Heu</strong></span> <span class='ocrx_word' id='word_1_148' title='bbox 229 2309 375 2376; x_wconf 86' lang='lat' dir='ltr'><strong>caritura</strong></span> <span class='ocrx_word' id='word_1_149' title='bbox 397 2307 524 2394; x_wconf 87' lang='lat' dir='ltr'><strong>domo,</strong></span> <span class='ocrx_word' id='word_1_150' title='bbox 547 2307 731 2374; x_wconf 83' lang='lat' dir='ltr'><strong>cariturave</strong></span> <span class='ocrx_word' id='word_1_151' title='bbox 752 2305 896 2397; x_wconf 81' lang='lat' dir='ltr'><strong>conjuge</strong></span> <span class='ocrx_word' id='word_1_152' title='bbox 912 2305 1050 2390; x_wconf 65' lang='lat' dir='ltr'><strong>luctus,</strong></span> 
     </span>
     <span class='ocr_line' id='line_1_24' title="bbox 122 2393 1140 2491; baseline -0.008 -25"><span class='ocrx_word' id='word_1_153' title='bbox 122 2399 168 2466; x_wconf 88' lang='lat' dir='ltr'><strong>Et</strong></span> <span class='ocrx_word' id='word_1_154' title='bbox 192 2400 294 2466; x_wconf 81' lang='lat' dir='ltr'><strong>rnedb</strong></span> <span class='ocrx_word' id='word_1_155' title='bbox 315 2400 488 2491; x_wconf 85' lang='lat' dir='ltr'><strong>suspirans</strong></span> <span class='ocrx_word' id='word_1_156' title='bbox 509 2399 632 2466; x_wconf 82' lang='lat' dir='ltr'><strong>crelam</strong></span> <span class='ocrx_word' id='word_1_157' title='bbox 654 2421 690 2462; x_wconf 91' lang='lat' dir='ltr'><strong>as</strong></span> <span class='ocrx_word' id='word_1_158' title='bbox 713 2395 795 2483; x_wconf 91' lang='lat' dir='ltr'><strong>icit,</strong></span> <span class='ocrx_word' id='word_1_159' title='bbox 816 2412 848 2462; x_wconf 87' lang='lat' dir='ltr'><strong>et</strong></span> <span class='ocrx_word' id='word_1_160' title='bbox 869 2394 971 2466; x_wconf 73' lang='lat' dir='ltr'><strong>mode</strong></span> <span class='ocrx_word' id='word_1_161' title='bbox 987 2393 1140 2483; x_wconf 87' lang='lat' dir='ltr'><strong>prolem,</strong></span> 
     </span>
     <span class='ocr_line' id='line_1_25' title="bbox 122 2483 1031 2582; baseline -0.006 -24"><span class='ocrx_word' id='word_1_162' title='bbox 122 2489 317 2558; x_wconf 81' lang='lat' dir='ltr'><strong>Infaustam</strong></span> <span class='ocrx_word' id='word_1_163' title='bbox 332 2489 482 2582; x_wconf 84' lang='lat' dir='ltr'><strong>prolem,</strong></span> <span class='ocrx_word' id='word_1_164' title='bbox 502 2515 577 2579; x_wconf 88' lang='lat' dir='ltr'><strong>qnae</strong></span> <span class='ocrx_word' id='word_1_165' title='bbox 593 2513 675 2580; x_wconf 83' lang='lat' dir='ltr'><strong>parv</strong></span> <span class='ocrx_word' id='word_1_166' title='bbox 743 2485 831 2552; x_wconf 90' lang='lat' dir='ltr'><strong>ludit</strong></span> <span class='ocrx_word' id='word_1_167' title='bbox 844 2485 883 2550; x_wconf 91' lang='lat' dir='ltr'><strong>in</strong></span> <span class='ocrx_word' id='word_1_168' title='bbox 900 2483 992 2552; x_wconf 87' lang='lat' dir='ltr'><strong>uluis</strong></span> <span class='ocrx_word' id='word_1_169' title='bbox 1024 2539 1031 2553; x_wconf 65' lang='grc'><strong>,</strong></span> 
     </span>
     <span class='ocr_line' id='line_1_26' title="bbox 125 2575 1022 2656; baseline -0.004 -11"><span class='ocrx_word' id='word_1_170' title='bbox 125 2579 240 2649; x_wconf 84' lang='lat' dir='ltr'><strong>Inscia</strong></span> <span class='ocrx_word' id='word_1_171' title='bbox 258 2579 405 2646; x_wconf 81' lang='lat' dir='ltr'><strong>fatorum</strong></span> <span class='ocrx_word' id='word_1_172' title='bbox 413 2626 425 2656; x_wconf 88' lang='lat'><strong>,</strong></span> <span class='ocrx_word' id='word_1_173' title='bbox 443 2595 476 2644; x_wconf 87' lang='lat' dir='ltr'><strong>et</strong></span> <span class='ocrx_word' id='word_1_174' title='bbox 489 2594 603 2645; x_wconf 88' lang='lat' dir='ltr'><strong>tenere</strong></span> <span class='ocrx_word' id='word_1_175' title='bbox 616 2575 907 2646; x_wconf 71' lang='lat' dir='ltr'><strong>miserabiliorem.</strong></span> <span class='ocrx_word' id='word_1_176' title='bbox 1015 2633 1022 2656; x_wconf 79' lang='grc'><strong><em>,</em></strong></span> 
     </span>
     <span class='ocr_line' id='line_1_27' title="bbox 173 2661 1201 2754; baseline -0.01 -20"><span class='ocrx_word' id='word_1_177' title='bbox 173 2669 246 2734; x_wconf 89' lang='lat' dir='ltr'><strong>Has</strong></span> <span class='ocrx_word' id='word_1_178' title='bbox 267 2671 326 2734; x_wconf 91' lang='lat' dir='ltr'><strong>ubi</strong></span> <span class='ocrx_word' id='word_1_179' title='bbox 348 2685 466 2746; x_wconf 77' lang='lat' dir='ltr'><strong>moesta</strong></span> <span class='ocrx_word' id='word_1_180' title='bbox 490 2669 608 2740; x_wconf 87' lang='lat' dir='ltr'><strong>cohors</strong></span> <span class='ocrx_word' id='word_1_181' title='bbox 627 2667 873 2753; x_wconf 86' lang='lat' dir='ltr'><strong>circumstetit,</strong></span> <span class='ocrx_word' id='word_1_182' title='bbox 894 2661 1018 2754; x_wconf 84' lang='lat' dir='ltr'><strong>incipit·</strong></span> <span class='ocrx_word' id='word_1_183' title='bbox 1037 2684 1143 2736; x_wconf 63' lang='lat' dir='ltr'><strong>unas</strong></span> <span class='ocrx_word' id='word_1_184' title='bbox 1194 2717 1201 2724; x_wconf 84' lang='grc'><strong>.</strong></span> 
     </span>
     <span class='ocr_line' id='line_1_28' title="bbox 126 2753 1054 2848; baseline -0.005 -24"><span class='ocrx_word' id='word_1_185' title='bbox 126 2787 150 2824; x_wconf 80' lang='lat' dir='ltr'><strong>(t</strong></span> <span class='ocrx_word' id='word_1_186' title='bbox 167 2758 198 2826; x_wconf 94' lang='grc' dir='ltr'>Ο</span> <span class='ocrx_word' id='word_1_187' title='bbox 222 2757 336 2824; x_wconf 87' lang='lat' dir='ltr'><strong>Marcl</strong></span> <span class='ocrx_word' id='word_1_188' title='bbox 349 2758 514 2848; x_wconf 81' lang='lat' dir='ltr'><strong>genitrix!</strong></span> <span class='ocrx_word' id='word_1_189' title='bbox 539 2759 559 2823; x_wconf 79' lang='lat' dir='ltr'><strong>d</strong></span> <span class='ocrx_word' id='word_1_190' title='bbox 576 2756 724 2848; x_wconf 82' lang='lat' dir='ltr'><strong>conjux!</strong></span> <span class='ocrx_word' id='word_1_191' title='bbox 748 2755 850 2826; x_wconf 80' lang='lat' dir='ltr'><strong>Curia</strong></span> <span class='ocrx_word' id='word_1_192' title='bbox 863 2753 979 2821; x_wconf 75' lang='lat' dir='ltr'><strong>vestris</strong></span> <span class='ocrx_word' id='word_1_193' title='bbox 1048 2811 1054 2820; x_wconf 82' lang='grc'><em>,</em></span> 
     </span>
     <span class='ocr_line' id='line_1_29' title="bbox 125 2842 1044 2936; baseline -0.01 -21"><span class='ocrx_word' id='word_1_194' title='bbox 125 2877 149 2915; x_wconf 75' lang='lat' dir='ltr'><strong>n</strong></span> <span class='ocrx_word' id='word_1_195' title='bbox 165 2847 245 2912; x_wconf 88' lang='lat' dir='ltr'><strong>Non</strong></span> <span class='ocrx_word' id='word_1_196' title='bbox 260 2848 353 2936; x_wconf 80' lang='lat' dir='ltr'><strong>jubet</strong></span> <span class='ocrx_word' id='word_1_197' title='bbox 369 2864 429 2914; x_wconf 93' lang='lat' dir='ltr'><strong>aut</strong></span> <span class='ocrx_word' id='word_1_198' title='bbox 442 2847 570 2916; x_wconf 77' lang='lat' dir='ltr'><strong>Constss</strong></span> <span class='ocrx_word' id='word_1_199' title='bbox 581 2848 719 2914; x_wconf 83' lang='lat' dir='ltr'><strong>miseras</strong></span> <span class='ocrx_word' id='word_1_200' title='bbox 733 2846 907 2914; x_wconf 85' lang='lat' dir='ltr'><strong>succedere</strong></span> <span class='ocrx_word' id='word_1_201' title='bbox 923 2842 1018 2912; x_wconf 88' lang='lat' dir='ltr'><strong>tectis</strong></span> <span class='ocrx_word' id='word_1_202' title='bbox 1033 2867 1044 2928; x_wconf 80' lang='lat'><em>3</em></span> 
     </span>
     <span class='ocr_line' id='line_1_30' title="bbox 127 2934 954 3028; baseline -0.002 -26"><span class='ocrx_word' id='word_1_203' title='bbox 127 2966 150 3002; x_wconf 78' lang='lat'><strong>2&gt;</strong></span> <span class='ocrx_word' id='word_1_204' title='bbox 166 2937 287 3004; x_wconf 87' lang='lat' dir='ltr'><strong>Audiit</strong></span> <span class='ocrx_word' id='word_1_205' title='bbox 307 2954 439 3008; x_wconf 79' lang='lat' dir='ltr'><strong>orantes</strong></span> <span class='ocrx_word' id='word_1_206' title='bbox 455 2986 464 3024; x_wconf 88' lang='lat'><strong>,</strong></span> <span class='ocrx_word' id='word_1_207' title='bbox 487 2938 637 3028; x_wconf 86' lang='lat' dir='ltr'><strong>coeloque</strong></span> <span class='ocrx_word' id='word_1_208' title='bbox 654 2937 813 3003; x_wconf 86' lang='lat' dir='ltr'><strong>misertus</strong></span> <span class='ocrx_word' id='word_1_209' title='bbox 826 2936 872 3001; x_wconf 85' lang='lat' dir='ltr'><strong>&#39;ab</strong></span> <span class='ocrx_word' id='word_1_210' title='bbox 888 2934 954 3000; x_wconf 87' lang='lat' dir='ltr'><strong>alto</strong></span> 
     </span>
     <span class='ocr_line' id='line_1_31' title="bbox 32 3026 1113 3120; baseline -0.009 -27"><span class='ocrx_word' id='word_1_211' title='bbox 32 3109 36 3116; x_wconf 21' lang='lat'>⁵</span> <span class='ocrx_word' id='word_1_212' title='bbox 127 3056 150 3092; x_wconf 74' lang='lat' dir='ltr'><strong>s&gt;</strong></span> <span class='ocrx_word' id='word_1_213' title='bbox 166 3027 309 3120; x_wconf 82' lang='lat' dir='ltr'><strong>Impulit</strong></span> <span class='ocrx_word' id='word_1_214' title='bbox 325 3026 394 3092; x_wconf 91' lang='lat' dir='ltr'><strong>huc</strong></span> <span class='ocrx_word' id='word_1_215' title='bbox 411 3029 505 3093; x_wconf 87' lang='lat' dir='ltr'><strong>Deus</strong></span> <span class='ocrx_word' id='word_1_216' title='bbox 522 3028 612 3118; x_wconf 79' lang='lat' dir='ltr'><strong>ipse3</strong></span> <span class='ocrx_word' id='word_1_217' title='bbox 630 3051 746 3118; x_wconf 84' lang='lat' dir='ltr'><strong>preces</strong></span> <span class='ocrx_word' id='word_1_218' title='bbox 760 3026 828 3090; x_wconf 88' lang='lat' dir='ltr'><strong>linc</strong></span> <span class='ocrx_word' id='word_1_219' title='bbox 842 3040 967 3092; x_wconf 76' lang='lat' dir='ltr'><strong>vertere</strong></span> <span class='ocrx_word' id='word_1_220' title='bbox 984 3036 1113 3091; x_wconf 84' lang='lat' dir='ltr'><strong>nostras</strong></span> 
     </span>
     <span class='ocr_line' id='line_1_32' title="bbox 127 3113 1142 3209; baseline -0.012 -23"><span class='ocrx_word' id='word_1_221' title='bbox 127 3145 151 3186; x_wconf 69' lang='lat' dir='ltr'><strong>a&gt;</strong></span> <span class='ocrx_word' id='word_1_222' title='bbox 170 3119 342 3184; x_wconf 83' lang='lat' dir='ltr'><strong>Admonet</strong></span> <span class='ocrx_word' id='word_1_223' title='bbox 355 3117 426 3209; x_wconf 89' lang='lat' dir='ltr'><strong>ipse</strong></span> <span class='ocrx_word' id='word_1_224' title='bbox 442 3118 534 3184; x_wconf 89' lang='lat' dir='ltr'><strong>Deus</strong></span> <span class='ocrx_word' id='word_1_225' title='bbox 549 3142 558 3202; x_wconf 79' lang='lat'>3</span> <span class='ocrx_word' id='word_1_226' title='bbox 575 3141 708 3206; x_wconf 84' lang='lat' dir='ltr'><strong>magnae</strong></span> <span class='ocrx_word' id='word_1_227' title='bbox 724 3139 782 3180; x_wconf 81' lang='lat' dir='ltr'><strong>vos</strong></span> <span class='ocrx_word' id='word_1_228' title='bbox 801 3113 1099 3182; x_wconf 70' lang='lat' dir='ltr'><strong>Numinalloma.</strong></span> <span class='ocrx_word' id='word_1_229' title='bbox 1134 3177 1142 3196; x_wconf 34' lang='grc' dir='ltr'>ι</span> 
     </span>
     <span class='ocr_line' id='line_1_33' title="bbox 77 3203 995 3294; baseline -0.005 -22"><span class='ocrx_word' id='word_1_230' title='bbox 77 3247 80 3254; x_wconf 68' lang='grc'><strong><em>»</em></strong></span> <span class='ocrx_word' id='word_1_231' title='bbox 127 3235 151 3269; x_wconf 79' lang='lat' dir='ltr'><strong>n</strong></span> <span class='ocrx_word' id='word_1_232' title='bbox 169 3209 273 3294; x_wconf 78' lang='lat' dir='ltr'><strong>Quod</strong></span> <span class='ocrx_word' id='word_1_233' title='bbox 289 3208 318 3273; x_wconf 92' lang='lat' dir='ltr'><strong>si</strong></span> <span class='ocrx_word' id='word_1_234' title='bbox 334 3232 392 3276; x_wconf 77' lang='lat' dir='ltr'><strong>ses</strong></span> <span class='ocrx_word' id='word_1_235' title='bbox 409 3208 509 3270; x_wconf 86' lang='lat' dir='ltr'><strong>libeat</strong></span> <span class='ocrx_word' id='word_1_236' title='bbox 523 3205 645 3276; x_wconf 84' lang='lat' dir='ltr'><strong>nostris</strong></span> <span class='ocrx_word' id='word_1_237' title='bbox 661 3203 840 3274; x_wconf 78' lang='lat' dir='ltr'><strong>concedere</strong></span> <span class='ocrx_word' id='word_1_238' title='bbox 853 3203 938 3270; x_wconf 81' lang='lat' dir='ltr'><strong>rotis</strong></span> <span class='ocrx_word' id='word_1_239' title='bbox 952 3249 995 3289; x_wconf 39' lang='lat'><strong>,5</strong></span> 
     </span>
     <span class='ocr_line' id='line_1_34' title="bbox 127 3288 994 3388; baseline -0.005 -24"><span class='ocrx_word' id='word_1_240' title='bbox 127 3324 151 3358; x_wconf 74' lang='lat' dir='ltr'><strong>s&gt;</strong></span> <span class='ocrx_word' id='word_1_241' title='bbox 170 3299 257 3364; x_wconf 89' lang='lat' dir='ltr'><strong>Urbi</strong></span> <span class='ocrx_word' id='word_1_242' title='bbox 274 3288 368 3388; x_wconf 65' lang='lat' dir='ltr'><strong>part&#39;a</strong></span> <span class='ocrx_word' id='word_1_243' title='bbox 382 3297 484 3366; x_wconf 86' lang='lat' dir='ltr'><strong>salus.</strong></span> <span class='ocrx_word' id='word_1_244' title='bbox 499 3293 570 3366; x_wconf 86' lang='lat' dir='ltr'><strong>Nec</strong></span> <span class='ocrx_word' id='word_1_245' title='bbox 585 3309 709 3360; x_wconf 83' lang='lat' dir='ltr'><strong>vestros</strong></span> <span class='ocrx_word' id='word_1_246' title='bbox 721 3293 834 3360; x_wconf 85' lang='lat' dir='ltr'><strong>vincet</strong></span> <span class='ocrx_word' id='word_1_247' title='bbox 848 3292 994 3360; x_wconf 85' lang='lat' dir='ltr'><strong>bonores</strong></span> 
     </span>
     <span class='ocr_line' id='line_1_35' title="bbox 128 3383 995 3476; baseline 0.002 -28"><span class='ocrx_word' id='word_1_248' title='bbox 128 3414 151 3448; x_wconf 78' lang='lat' dir='ltr'><strong>u</strong></span> <span class='ocrx_word' id='word_1_249' title='bbox 168 3389 274 3452; x_wconf 86' lang='lat' dir='ltr'><strong>Fama</strong></span> <span class='ocrx_word' id='word_1_250' title='bbox 286 3388 508 3472; x_wconf 88' lang='lat' dir='ltr'><strong>Sabinarum,</strong></span> <span class='ocrx_word' id='word_1_251' title='bbox 526 3409 602 3476; x_wconf 77' lang='lat' dir='ltr'><strong>quae</strong></span> <span class='ocrx_word' id='word_1_252' title='bbox 617 3385 690 3454; x_wconf 76' lang='lat' dir='ltr'><strong>dird</strong></span> <span class='ocrx_word' id='word_1_253' title='bbox 704 3385 792 3464; x_wconf 77' lang='lat' dir='ltr'><strong>caede</strong></span> <span class='ocrx_word' id='word_1_254' title='bbox 805 3383 954 3451; x_wconf 85' lang='lat' dir='ltr'><strong>furentes</strong></span> <span class='ocrx_word' id='word_1_255' title='bbox 990 3451 995 3456; x_wconf 79' lang='grc'><strong>,</strong></span> 
     </span>
     <span class='ocr_line' id='line_1_36' title="bbox 127 3475 951 3566; baseline 0 -30"><span class='ocrx_word' id='word_1_256' title='bbox 127 3501 151 3537; x_wconf 75' lang='lat' dir='ltr'><strong>s&gt;</strong></span> <span class='ocrx_word' id='word_1_257' title='bbox 166 3477 326 3544; x_wconf 67' lang='lat' dir='ltr'><strong>Pacardre</strong></span> <span class='ocrx_word' id='word_1_258' title='bbox 339 3477 427 3543; x_wconf 87' lang='lat' dir='ltr'><strong>viros</strong></span> <span class='ocrx_word' id='word_1_259' title='bbox 440 3477 629 3566; x_wconf 83' lang='lat' dir='ltr'><strong>infestaque</strong></span> <span class='ocrx_word' id='word_1_260' title='bbox 644 3475 743 3542; x_wconf 87' lang='lat' dir='ltr'><strong>corda</strong></span> <span class='ocrx_word' id='word_1_261' title='bbox 757 3489 951 3564; x_wconf 80' lang='lat' dir='ltr'><strong>parentum.</strong></span> 
     </span>
     <span class='ocr_line' id='line_1_37' title="bbox 125 3561 1067 3657; baseline 0 -29"><span class='ocrx_word' id='word_1_262' title='bbox 125 3591 150 3628; x_wconf 76' lang='lat' dir='ltr'><strong>s&gt;</strong></span> <span class='ocrx_word' id='word_1_263' title='bbox 167 3565 270 3633; x_wconf 90' lang='lat' dir='ltr'><strong>Nunc</strong></span> <span class='ocrx_word' id='word_1_264' title='bbox 284 3569 392 3657; x_wconf 82' lang='lat' dir='ltr'><strong>agite,</strong></span> <span class='ocrx_word' id='word_1_265' title='bbox 407 3582 440 3640; x_wconf 80' lang='lat' dir='ltr'><strong>et</strong></span> <span class='ocrx_word' id='word_1_266' title='bbox 456 3583 578 3636; x_wconf 82' lang='lat' dir='ltr'><strong>nostrae</strong></span> <span class='ocrx_word' id='word_1_267' title='bbox 593 3566 733 3640; x_wconf 71' lang='lat' dir='ltr'><strong>comites,</strong></span> <span class='ocrx_word' id='word_1_268' title='bbox 744 3589 802 3638; x_wconf 82' lang='lat' dir='ltr'><strong>vos</strong></span> <span class='ocrx_word' id='word_1_269' title='bbox 815 3563 926 3633; x_wconf 84' lang='lat' dir='ltr'><strong>addite</strong></span> <span class='ocrx_word' id='word_1_270' title='bbox 941 3561 1067 3646; x_wconf 81' lang='lat' dir='ltr'><strong>turbae,</strong></span> 
     </span>
     <span class='ocr_line' id='line_1_38' title="bbox 128 3653 921 3727; baseline 0 -9"><span class='ocrx_word' id='word_1_271' title='bbox 128 3681 151 3718; x_wconf 78' lang='lat' dir='ltr'><strong>s&gt;</strong></span> <span class='ocrx_word' id='word_1_272' title='bbox 166 3655 201 3720; x_wconf 91' lang='lat' dir='ltr'><strong>Si</strong></span> <span class='ocrx_word' id='word_1_273' title='bbox 214 3655 313 3722; x_wconf 84' lang='lat' dir='ltr'><strong>liceat</strong></span> <span class='ocrx_word' id='word_1_274' title='bbox 326 3657 433 3722; x_wconf 79' lang='lat' dir='ltr'><strong>&#39;verbis</strong></span> <span class='ocrx_word' id='word_1_275' title='bbox 446 3671 590 3722; x_wconf 84' lang='lat' dir='ltr'><strong>avertere</strong></span> <span class='ocrx_word' id='word_1_276' title='bbox 605 3655 765 3727; x_wconf 84' lang='lat' dir='ltr'><strong>mollibus</strong></span> <span class='ocrx_word' id='word_1_277' title='bbox 778 3653 921 3723; x_wconf 78' lang='lat' dir='ltr'><strong>hostem.</strong></span> 
     </span>
     <span class='ocr_line' id='line_1_39' title="bbox 129 3741 1126 3830; baseline -0.001 -22"><span class='ocrx_word' id='word_1_278' title='bbox 129 3772 152 3808; x_wconf 79' lang='lat' dir='ltr'><strong>u</strong></span> <span class='ocrx_word' id='word_1_279' title='bbox 168 3744 317 3830; x_wconf 85' lang='lat' dir='ltr'><strong>Sentiat,</strong></span> <span class='ocrx_word' id='word_1_280' title='bbox 333 3745 475 3814; x_wconf 84' lang='lat' dir='ltr'><strong>infensis</strong></span> <span class='ocrx_word' id='word_1_281' title='bbox 491 3745 574 3812; x_wconf 75' lang='lat' dir='ltr'><strong>dnm</strong></span> <span class='ocrx_word' id='word_1_282' title='bbox 588 3745 742 3816; x_wconf 84' lang='lat' dir='ltr'><strong>Marcius</strong></span> <span class='ocrx_word' id='word_1_283' title='bbox 757 3744 892 3818; x_wconf 84' lang='lat' dir='ltr'><strong>intonat</strong></span> <span class='ocrx_word' id='word_1_284' title='bbox 909 3741 1031 3827; x_wconf 86' lang='lat' dir='ltr'><strong>armis,</strong></span> <span class='ocrx_word' id='word_1_285' title='bbox 1124 3799 1126 3808; x_wconf 80' lang='grc'><strong>.</strong></span> 
     </span>
    </p>
   </div>
   <div class='ocr_carea' id='block_1_5' title="bbox 128 3831 1177 3928">
    <p class='ocr_par' dir='ltr' id='par_1_7' title="bbox 128 3831 1177 3928">
     <span class='ocr_line' id='line_1_40' title="bbox 128 3831 1177 3928; baseline -0.006 -22"><span class='ocrx_word' id='word_1_286' title='bbox 128 3861 151 3906; x_wconf 73' lang='lat' dir='ltr'><strong>r&gt;</strong></span> <span class='ocrx_word' id='word_1_287' title='bbox 169 3833 268 3914; x_wconf 62' lang='lat' dir='ltr'><strong>Clade</strong></span> <span class='ocrx_word' id='word_1_288' title='bbox 282 3835 375 3914; x_wconf 67' lang='lat' dir='ltr'><strong>gravi</strong></span> <span class='ocrx_word' id='word_1_289' title='bbox 390 3860 581 3928; x_wconf 76' lang='lat' dir='ltr'><strong>oppressam</strong></span> <span class='ocrx_word' id='word_1_290' title='bbox 595 3883 606 3924; x_wconf 87' lang='lat'><strong>,</strong></span> <span class='ocrx_word' id='word_1_291' title='bbox 628 3835 774 3919; x_wconf 81' lang='lat' dir='ltr'><strong>tanto’in</strong></span> <span class='ocrx_word' id='word_1_292' title='bbox 788 3832 982 3910; x_wconf 79' lang='lat' dir='ltr'><strong>discrimine</strong></span> <span class='ocrx_word' id='word_1_293' title='bbox 995 3831 1146 3928; x_wconf 59' lang='lat' dir='ltr'><strong>Romam</strong></span> <span class='ocrx_word' id='word_1_294' title='bbox 1173 3867 1177 3890; x_wconf 75' lang='grc' dir='ltr'><strong>ι</strong></span> 
     </span>
    </p>
   </div>
   <div class='ocr_carea' id='block_1_6' title="bbox 0 0 1377 4452">
    <p class='ocr_par' dir='ltr' id='par_1_8' title="bbox 0 0 1377 4452">
     <span class='ocr_line' id='line_1_41' title="bbox 0 0 1377 4452; baseline 0 0"><span class='ocrx_word' id='word_1_295' title='bbox 0 0 1377 4452; x_wconf 95' lang='lat' dir='ltr'><strong> </strong></span> 
     </span>
    </p>
   </div>
  </div>
 </body>
</html>
