2680 4448
687 54 727 94 Ι.

143 301 218 394 348
433 299 808 396 οιιιταιικυυῗῐ
900 327 906 338 ’
1017 363 1044 392 .·

141 453 165 491 a>
181 427 355 510 Insontes,
372 421 534 489 suadente
550 421 639 514 gula.
657 421 755 508 Quin
769 437 801 488 et
814 421 924 514 (milri
934 445 1086 516 namque
1179 415 1184 421 ’

141 543 164 580 ))
182 515 232 580 Sit
246 513 388 580 tacuisse
400 511 515 600 nefas,
553 511 854 602 uanqulmfecisse
885 514 981 579 udori
993 513 1086 604 est),

139 630 164 682 u
179 603 361 696 Appendix
374 601 502 692 pecoris
514 537 709 690 ,descendit
723 600 763 666 in
779 600 839 667 ilia
852 539 979 670 dautur.

134 705 163 756 ’))
177 695 287 784 Ergo,
302 695 331 758 si
346 717 495 778 mereor,
510 707 575 758 stat
589 691 660 756 laesi
670 689 834 757 Numinis
845 691 918 758 iras·
940 713 945 724 ·

136 809 163 847 n
180 783 257 848 Hoc
272 784 380 875 capite
393 783 559 870 excipere,
576 797 676 872 atque
686 780 830 846 obnoxia
843 781 983 848 subdere
998 781 1093 848 colla.
1110 801 1114 812 '
1158 805 1161 810 ·

137 899 163 940 n
178 872 244 938 Sed
257 873 363 938 simili
375 895 470 937 nunc
482 895 653 962 quemque
666 869 731 936 fide
744 872 926 938 commissa
936 871 1056 960 fateri,
1077 911 1079 913 ·

137 989 162 1026 u
178 963 223 1030 Et
237 965 446 1053 quicumque
457 960 540 1028 alios
551 959 737 1026 malefactis
753 961 870 1026 vicerit
882 1007 893 1050 ,
903 958 1053 1052 ¹aequum
1068 973 1118 1026 est

136 1080 161 1115 n
177 1052 274 1118 Illius
291 1069 396 1118 totam
410 1049 550 1140 defirngi
562 1050 681 1116 funere
694 1067 840 1142 gentem.
859 1078 882 1114 ))
946 1123 950 1128 ,
982 1105 987 1108 .
1046 1085 1051 1096 ν

183 1142 276 1208 Tum
289 1141 451 1208 blandum
464 1139 614 1206 arridens
627 1140 820 1233 Vulpecula
833 1167 842 1208 a
859 1169 882 1219 (ς
896 1139 946 1210 Te
958 1156 1040 1227 tua,
1058 1139 1170 1226 dixit,

136 1259 160 1294 n
177 1229 208 1297 O
224 1231 310 1296 bone
326 1231 422 1318 Rex,
441 1229 545 1332 pietas
554 1275 566 1316 ,
581 1245 642 1296 tua
656 1244 689 1294 te
701 1230 879 1296 clementia
896 1229 993 1295 fallit.
1010 1255 1012 1260 ·
1118 1264 1134 1272 ··

135 1347 159 1383 n
174 1323 225 1385 Ar
272 1321 299 1384 it
313 1321 378 1386 ista
391 1318 530 1420 quidem
544 1335 723 1407 tenerum,
740 1319 846 1384 nimis
860 1319 987 1406 anxia,
1008 1334 1131 1410 pectus
1235 1333 1238 1340 ’

134 1435 158 1472 u
174 1343 336 1500 Reiligio3
351 1411 435 1501 quid
449 1410 568 1474 enim?
580 1409 618 1474 Si
628 1407 711 1474 sorte
722 1409 904 1490 comederis
919 1411 1060 1561 Agnos,

134 1525 158 1562 a>
175 1499 203 1562 F
205 1524 330 1587 oecem,
348 1497 572 1590 quisquilias,
588 1498 600 1563 i
624 1499 758 1588 nobile,
775 1499 899 1578 inutile
907 1523 958 1582 ,vu
995 1523 1059 1586 us,

18 1647 21 1650 .
133 1616 158 1651 u
175 1589 303 1681 Ingens
316 1606 495 1682 peccatum
511 1589 583 1655 est?
627 1589 732 1656 itulus
749 1587 885 1680 fuitille
901 1523 1039 1679 sepultis
1103 1595 1106 1600 '

133 1706 157 1740 ))
174 1679 335 1763 Quorum
347 1691 447 1745 carne
459 1680 550 1744 sinas
565 1677 783 1771 pinguescere
799 1704 834 1744 re
859 1680 891 1743 'a
903 1679 1067 1744 membra.
1125 1751 1127 1758 ¹

132 1795 156 1830 ))
174 1768 246 1834 Nec
261 1769 323 1834 tibi
336 1770 518 1850 conclusus
532 1769 635 1859 regali
645 1705 959 1836 'abdominessastor
1095 1773 1101 1788 ‘

53 1919 55 1928 s
132 1884 156 1920 n
173 1857 311 1922 Crimen
325 1856 445 1922 habet:
458 1855 571 1942 fuerat
585 1857 834 1948 pejoricarcere
851 1858 1000 1950 dignus,
1032 1905 1035 1908 -
1143 1859 1151 1876 ⁸

131 1974 156 2010 ))
173 1945 262 2012 cum
274 1947 358 2012 foret
369 1947 410 2012 ex
423 1947 608 2030 hominum
620 1973 718 2040 grege
734 1947 868 2034 bellua,
889 1971 966 2038 quae
978 1947 1047 2030 fera
1058 1936 1165 2014 nolus

131 2063 155 2099 ))
171 2037 263 2102 Bella
274 2054 405 2124 movet,
421 2039 610 2186 Regnoque
622 2053 759 2104 tumens
771 2037 900 2104 incedit
915 2037 1026 2101 inani.
1038 2063 1062 2100 ))

59 2161 64 2172 ·
175 2123 315 2191 Dixerat
324 2127 395 2190 haec
410 2127 469 2208 Vu
507 2149 553 2188 es.
575 2126 705 2189 Blando
718 2126 903 2192 certamine
916 2127 1018 2192 turba

129 2212 267 2279 Plaudit
278 2151 540 2279 adulatrix.'liec
554 2227 655 2278 torvae
666 2213 709 2278 Ti
735 2213 839 2300 ridis,
858 2213 1005 2300 Ursive,
1124 2287 1139 2308 x

132 2304 208 2368 Aut
218 2301 335 2394 populi
347 2301 538 2393 primorum
552 2348 563 2389 ,
578 2301 682 2371 audet
715 2301 885 2370 oedissima
901 2304 1095 2395 quisquam,

130 2391 283 2460 Scrutari
320 2409 451 2459 eccata:
473 2392 543 2458 leve
561 2407 610 2457 est
625 2392 867 2484 quodcumque
882 2393 1054 2482 fatentur,

130 2419 319 2586 Quidquid
329 2484 481 2550 rixosum
499 2497 549 2548 est
569 2475 658 2575 (ipsi
672 2482 713 2548 de
729 2480 823 2574 plebe
837 2483 1002 2574 Molossi)

129 2571 305 2640 Unanimi
321 2572 460 2640 fremitu
475 2588 634 2638 sanctum
645 2598 684 2638 ac
699 2573 885 2640 venerabile
899 2574 1052 2640 habetur.
1331 2633 1333 2654 ,

129 2661 287 2728 Tandem
298 2663 429 2728 Asinus
438 2662 598 2728 veniensr
620 2663 871 2730 «Peccavimus
884 2689 894 2752 3
906 2663 1202 2750 etmihimentem
1216 2713 1228 2756 ,

129 2778 152 2813 u
170 2753 284 2818 Prisca
296 2752 498 2840 revolventi,
515 2752 607 2818 fraus
618 2775 690 2816 nou
703 2753 792 2832 nihil
808 2777 879 2819 una
891 2753 1078 2822 remordetr
1260 2759 1264 2768 '

129 2867 152 2902 u
167 2841 229 2905 Me
240 2841 415 2930 quondam
427 2841 465 2906 in
480 2856 575 2931 prato
589 2841 940 2910 Monachor'um'l'or‘td
953 2857 1135 2934 vagantem

129 2941 152 2990 5>
170 2929 304 3084 &Suasit
317 2931 410 2997 enim
423 2931 566 3016 esuries,
581 2929 661 2996 furti
687 2957 728 2996 ue
739 2931 897 3019 licentia,
914 2931 1063 3024 odorque
1107 2939 1111 2944 ’

131 3047 154 3082 u
203 3018 350 3109 primus,
370 3037 402 3086 et
411 3019 497 3087 vafri
506 3017 645 3110 pellacia
655 2957 852 3112 demonis)
868 3021 998 3109 herbae,

45 3126 52 3132 ·
129 3132 152 3171 u
167 3109 348 3195 Quantum
359 3110 431 3174 haec
444 3109 563 3200 lingua
575 3123 685 3198 patet,
706 3113 842 3176 tanturn
853 3110 1033 3202 arripuisse
1050 3113 1223 3182 recordor.

129 3227 152 3261 n
168 3199 241 3266 Nec
255 3224 331 3266 mea
342 3197 515 3289 mancipio
525 3195 592 3262 fuit
606 3196 677 3261 haec
692 3213 807 3264 tamen
819 3199 941 3287 herba,
954 3225 1017 3267 nec
1031 3227 1113 3270 usu,
1122 3231 1147 3266 n

175 3290 281 3356 Haud
293 3314 387 3356 mora
399 3288 634 3378 conclamanu
650 3287 758 3376 justas
776 3289 850 3356 luat
865 3290 1040 3394 improbus
1050 3291 1130 3359 iras.

76 3461 78 3466 Ι
129 3377 223 3444 Tum
239 3381 293 3446 Lu
320 3381 412 3446 usad
423 3405 466 3472 po
491 3377 588 3444 ulum
598 3377 706 3470 legem
719 3377 818 3468 tulit,
834 3379 904 3472 ipse
915 3380 1041 3446 lorensi
1090 3421 1093 3428 ·

129 3467 150 3533 J
155 3493 212 3532 ure
225 3408 388 3537 madius:
408 3499 430 3534 <t
481 3467 576 3560 agnis
591 3468 810 3560 haeccaeditor
825 3469 1063 3558 hospia'Divis,
1218 3546 1221 3556 Ι

128 3582 151 3619 ))
169 3557 342 3644 Morsibus
354 3561 548 3652 impetitor,
563 3558 757 3651 discerpitor
771 3561 944 3653 unguibus
959 3608 973 3654 ,
985 3579 1124 3647 excom,

35 3706 37 3711 .
128 3645 155 3707 u'
169 3645 253 3712 Dira
268 3648 341 3714 lues
385 3652 575 3718 scabiosum
588 3650 738 3738 animal,
759 3651 938 3743 mastigia,
953 3651 1122 3717 sordeam
1169 3665 1173 3672 ·

131 3733 256 3801 Cuncti
275 3697 529 3824 condemnant,
548 3755 663 3832 nutu,
680 3740 789 3832 pede,
812 3767 916 3832 voce,
939 3739 1072 3808 tabella.
1119 3819 1123 3828 Ι

130 3823 228 3892 Ilicet
246 3824 441 3893 incurrunt.
468 3827 593 3894 Alieno
605 3829 757 3919 gramine
772 3829 886 3922 pasci!
997 3873 998 3876 =
