2648 4452
303 259 351 354 M
403 257 406 264 ’
616 281 931 336 sonatan

287 384 384 457 stris
419 381 465 456 ad
493 382 823 482 pulchritudinem,
860 383 918 457 vel
948 381 1163 456 amoenitatis
1199 377 1250 458 ad

300 481 493 554 leuandum
528 483 776 582 raeceptionmn
792 477 999 572 fastidium,
1020 480 1077 553 vel
1094 480 1245 572 Poeticae
1322 527 1323 530 =

303 576 450 650 fictionis
467 606 489 650 a
529 578 728 672 Fabulam,
748 579 806 653 vel
829 577 1039 650 urbanitatis
1059 579 1181 652 aulicae
1198 578 1247 649 ad

254 720 258 726 ·
301 677 641 759 commendationem
658 675 843 768 Octaviani
865 675 1037 767 Caesaris,
1055 674 1156 774 cujus
1173 679 1246 748 bn·

303 800 347 846 cu
373 774 425 844 ari
439 773 722 846 benevolentiam
739 790 820 845 ante
837 773 956 844 omnia
968 773 1214 846 contendebat.

289 925 291 932 .
347 799 452 942 l'scit
466 869 636 972 Virgilius
646 871 685 941 in
698 871 895 970 Georgicis,
912 897 957 942 ne
969 870 1022 942 rei
1034 869 1247 968 cujusquam

299 993 428 1067 'expers
439 967 665 1066 etimperitns
678 966 892 1058 haberetur,
910 983 985 1038 tam
996 965 1089 1038 belle
1099 983 1247 1066 tamque

304 1066 454 1138 scienter
463 1065 507 1135 de
521 1069 735 1168 unaqubque
749 1063 931 1164 dnuphna
942 1064 1120 1136 disseruit.
1137 1063 1248 1135 Nunc
1268 1147 1271 1154 Α

304 1159 535 1262 Philosophus
552 1213 567 1248 ,
592 1179 654 1239 aut
667 1162 845 1234 recondita
857 1178 994 1234 naturae
1009 1163 1136 1232 arcana
1151 1188 1249 1232 scru-

229 1299 233 1306 ‹
303 1275 403 1331 tatur
420 1276 456 1333 et
472 1259 622 1372 explicat
637 1288 649 1354 3
667 1276 730 1332 aut
742 1260 848 1332 solers
865 1286 905 1330 ac
917 1285 1025 1358 sagax
1042 1285 1250 1358 supremum

298 1356 453 1449 ¹Numen
465 1355 607 1457 attingit
621 1408 632 1448 ,
647 1374 683 1430 et
700 1357 957 1430 Platonicorum
974 1382 1070 1430 more
1087 1381 1169 1448 suas
1181 1355 1251 1468 ipsi
1311 1341 1320 1360 ’

306 1453 548 1526 dotesastrnit
566 1470 673 1554 atque
690 1453 939 1554 perfectiones3
965 1470 1027 1525 aut
1054 1479 1168 1524 mores
1196 1477 1252 1526 m-

303 1549 432 1623 foimat
446 1551 664 1624 documentis
680 1551 908 1643 salubribus,
936 1551 1116 1622 modestiae
1133 1566 1251 1622 tenax

304 1671 444 1760 semper
459 1677 505 1722 ac
524 1648 691 1746 pudoris,
710 1649 771 1722 vel
784 1651 870 1721 dum
890 1649 1089 1749 argumenti
1110 1649 1168 1743 sui
1188 1675 1251 1720 ne-

299 1746 522 1816 ·cess1tatead
535 1770 577 1814 ea
591 1744 820 1816 describenda
829 1745 1032 1837 descendit,
1050 1771 1131 1846 quae
1144 1761 1250 1818 natu·

304 1867 405 1930 ram,
418 1857 460 1912 nt
466 1839 569 1912 salvis
578 1840 797 1914 verecundie
803 1841 942 1940 legibus
949 1843 1086 1914 narrari
1090 1857 1247 1940 possent,

306 1965 378 2011 non
393 1937 587 2013 habebant.
606 1937 715 2010 Modo
730 1939 864 2039 peritus
886 1941 1118 2030 Astronomns
1134 1956 1249 2011 astro-

305 2062 516 2108 rumcursus
526 2034 765 2136 coelorumque
774 2034 1014 2110 conversibnes
1024 2037 1074 2108 ita
1085 2039 1266 2130 metitur„
1317 2053 1322 2062 '

298 2149 348 2205 nt
362 2160 433 2203 non
446 2149 521 2204 tam
537 2133 742 2232 Agricolas,
763 2136 871 2233 quam
887 2136 978 2234 ipsos
1002 2134 1251 2235 agrorumdo·

305 2229 418 2302 minos
430 2247 466 2302 et
481 2229 631 2302 curiosos
648 2246 810 2304 motuum
821 2231 1025 2318 cselestium
1039 2247 1251 2304 scrutatores
1321 2267 1323 2270 ·

241 2349 243 2354 ’
303 2327 458 2398 erudiat.
486 2325 573 2398 Mon
596 2327 777 2426 experiens
799 2325 1029 2429 Geographus
1046 2355 1109 2428 per
1131 2328 1251 2402 sarias

301 2425 400 2496 orbis
415 2426 537 2594 glhgas
555 2429 576 2496 al
593 2425 754 2496 Gadibus
772 2453 885 2526 nsque
903 2428 1128 2502 Auroramet
1144 2426 1248 2498 Gan·

198 2567 202 2572 -
259 2578 266 2590 x
307 2549 388 2623 gem
441 2523 606 2615 sonuit,
634 2539 671 2594 et
695 2522 852 2596 locorum
873 2525 979 2596 situm
1007 2549 1047 2594 ac
1076 2523 1249 2615 nomina,
1301 2549 1303 2554 ’

220 2649 223 2653 ·
332 2619 537 2718 roprietates
548 2619 745 2721 regionum,
760 2617 823 2692 soli
834 2620 1006 2721 cujusque
1015 2620 1252 2718 ingeniumex

305 2648 437 2788 labulae
456 2719 589 2814 pariter
613 2734 720 2817 atque
748 2717 901 2790 historiae
918 2719 1155 2790 monumentis
1185 2717 1250 2789 de*-

308 2813 436 2912 signat.
453 2815 476 2886 J
477 2840 535 2884 am
551 2814 654 2913 qnasi
672 2830 815 2886 aetatem
836 2832 947 2910 totam
962 2816 1001 2886 in
1013 2814 1250 2914 perdiscendis

307 2926 508 3009 temporum
521 2938 664 2982 snorum
674 2910 899 3013 religionibus
907 2911 1142 3003 contrivisset,
1155 2912 1252 2982 Dee·

304 3034 389 3080 rum
407 3007 566 3098 cultum,
586 3035 765 3080 sacrorum
789 3009 984 3109 originem,
1010 3009 1249 3100 ceremonias,

221 3191 225 3200 ι
307 3104 422 3195 ritus,
451 3102 660 3176 Pontificum
677 3104 783 3202 jura,
809 3133 927 3201 sacras
950 3106 1139 3206 civilesque
1154 3105 1250 3205 leges
1319 3115 1321 3158 ἶ

308 3201 486 3274 describit
506 3201 673 3302 Denique
689 3219 763 3273 tam
778 3199 898 3275 referti
918 3222 1003 3276 sunt
1015 3189 1250 3318 ‘quocumque
1317 3263 1321 3284 ,

221 3337 225 3345 ·
309 3299 514 3372 eruditionis
531 3325 660 3400 genere
684 3300 934 3401 Georgicorum
953 3302 1076 3392 Libn,
1099 3300 1189 3374 nihil
1211 3315 1251 3371 nt

307 3398 355 3468 ad
374 3394 565 3495 perfectam
589 3398 717 3470 veteris
742 3399 866 3472 Romae
898 3399 1129 3499 cognitionem
1153 3397 1248 3470 desi*

309 3493 505 3568 derandum
522 3495 743 3597 reliquerint.
1319 3493 1321 3500 ’

791 3605 803 3628 .
853 3615 856 3620 ,

643 3668 912 3715 munnulus,

167 3818 169 3824 .
248 3872 250 3878 ,
355 3757 566 3862 vaesanus
574 3787 1084 3896 unimammaaugna
1099 3787 1246 3864 castra·
1318 3773 1320 3870 j
