2632 4452
284 274 459 326 unna
507 277 736 324 Pnrnus.
1046 225 1052 252 l
1102 255 1171 354 175

46 361 246 440 Praesentem
268 391 344 442 ante
366 377 507 461 Deum,
533 373 649 464 populi
669 355 988 466 mirante'eoronl,

48 465 153 530 Prona
176 465 265 531 cadit
288 465 477 557 linguaque
494 465 593 552 pedes
614 463 792 528 allambere
810 468 932 556 gaudet

47 553 223 641 Praesulis,
248 555 403 620 humano
426 553 522 620 toties
537 569 649 644 quam
667 555 834 646 sanguine
856 556 969 622 tinxit.

46 641 100 708 ssle
114 641 422 736 feram‘arripienS,
445 644 562 710 dextrll
588 643 748 732 victrice,
771 661 972 712 trementem

46 731 165 822 Nilque
189 733 557 802 reluctantem-medias
579 734 734 800 deturbat
750 734 789 798 in
809 737 935 800 undas.'

86 823 149 888 Cor
167 841 326 892 nostrum
345 825 477 892 cultura
497 839 557 889 tua
575 840 623 890 est
639 870 649 911 ,
674 823 693 887 b
717 822 848 889 Christe
865 851 874 913 3
897 827 955 892 sed
971 825 1077 894 eheu!

46 913 153 996 Quam
171 917 289 982 multae
309 910 440 981 vastant
458 916 529 980 haec
553 913 644 979 culta
660 913 793 979 novalia
809 915 940 1006 pestes!

47 1002 132 1068 Hinc
152 1005 263 1070 laudis
279 1005 473 1071 malesuada
489 1005 617 1091 fames,
636 1003 717 1068 hinc
736 1005 879 1096 degener
898 1006 991 1073 ardet
1036 1037 1041 1048 ²

1 1111 2 1135 ¹
48 1091 198 1181 invidia,
214 1094 294 1160 inde
310 1095 388 1160 auri
409 1095 493 1160 furit
509 1094 690 1182 irrequieta
707 1095 828 1186 cupido
842 1142 852 1182 ,

1 1212 3 1240 i
46 1181 237 1274 Fatalesque
257 1185 347 1250 cient
365 1201 480 1251 nostro
501 1185 563 1250 sub
581 1185 678 1248 corde
692 1185 875 1253 tumultus,

46 1270 136 1355 Quin
161 1276 265 1343 etiam
282 1275 420 1366 impura
438 1275 530 1342 saerit
550 1273 622 1340 face
639 1275 711 1340 dira
732 1276 836 1341 libido
853 1325 864 1366 ,

1 1405 18 1424 i.
46 1360 84 1426 Et
106 1364 225 1430 molles
248 1366 349 1432 vetito
367 1365 557 1456 depascitur
571 1365 650 1455 igne
667 1365 846 1430 medullas.

1 1426 2 1477 l
47 1453 103 1516 -Ast
118 1452 181 1518 ubi
196 1455 341 1520 blandus
358 1457 458 1544 ades,
479 1455 636 1546 praesenti
655 1471 687 1520 et
705 1457 852 1520 numine
871 1463 988 1548 pectus

43 1539 199 1632 Turesis,
224 1546 334 1611 subite
357 1545 498 1635 fugiunt
520 1545 688 1608 immania
707 1561 887 1630 monstra,
960 1543 964 1548 ’

46 1628 248 1723 Natalesque¹
255 1651 377 1724 petunt
387 1680 397 1719 ‚
409 1635 460 1698 Te
477 1633 691 1724 praecipiente
700 1679 720 1711 ,.
734 1635 898 1699 tenebras.

45 1719 127 1812 Ergb
152 1724 255 1816 ades5
283 1723 492 1814 imperioque
505 1749 528 1810 ,“
560 1747 678 1808 recor,
698 1723 791 1788 Deus
816 1724 927 1810 alme,
946 1727 1078 1817 potenti

1 1821 2 1889 ζ
46 1808 146 1879 Corda
162 1813 263 1902 subi,
288 1830 320 1880 et
337 1813 473 1879 domitis
500 1749 590 1878 solus
608 1812 784 1906 dominare
801 1815 968 1906 tyrannis.
1017 1858 1020 1866 -

1 1907 2 1914 ¹
798 1935 800 1940 ,
1003 1914 1024 1938 N

1 1927 7 1992 ³
45 1965 327 2067 eumerus
347 1988 409 2063 ns
432 1948 998 2093 ruenanrsrn'rnea

358 2187 668 2238 DAEMONUM.

1 2315 3 2388 l
42 2295 172 2416 Uarr
193 2341 256 2407 sub
276 2343 449 2426 extremit,
469 2340 538 2429 qua
551 2339 616 2404 latb
634 2340 750 2440 purior
767 2342 870 2408 aether

40 2431 199 2501 Mollibus
214 2431 365 2521 aspirans
383 2430 557 2496 foecundat
575 2428 710 2492 flatibus
728 2453 822 2520 agros
839 2459 848 2518 3

40 2524 178 2626 Ampla,
193 2522 354 2611 superba,
373 2521 515 2612 ingens,
534 2517 734 2582 sublimibus
753 2518 819 2590 alta
837 2521 1008 2591 columnis

38 2613 251 2708 Regrficoque
267 2611 389 2677 domus
403 2612 489 2676 luxu
507 2607 572 2673 fuit
588 2633 596 2696 3
615 2620 716 2672 aurea
729 2606 862 2700 fulgent
904 2619 909 2632 '
1087 2615 1089 2622 '

38 2709 151 2789 Atria,
172 2719 204 2766 et
221 2701 364 2767 insolitis
379 2699 550 2791 laquearia
570 2697 660 2788 picta
676 2697 805 2788 figuris.

1 2841 2 2846 κ
38 2795 102 2862 Nec
118 2781 215 2885 juxta
230 2793 352 2882 liquidi
368 2791 478 2856 fontes
501 2805 536 2854 et
550 2813 684 2853 amoena
702 2789 825 2878 vireta,

1 2927 2 2955 ς
36 2889 104 2952 Aut
118 2883 219 2950 variis
237 2883 373 2947 aberant
391 2879 543 2946 distincti
559 2879 698 2944 floribus
717 2879 819 2946 horti.

37 2975 101 3044 ch
121 2977 275 3042 Poinona
296 2971 395 3038 dabat
413 2973 506 3037 laetos
527 2969 717 3060 gratissima
733 2970 856 3062 foetm,

1 3095 2 3100 ¹
35 3067 75 3133 Et
93 3089 179 3158 vaga
204 3061 385 3129 somnifero
406 3063 582 3128 resonabat
603 3059 745 3152 lympha
770 3087 917 3134 susurre.

38 3154 249 3242 Quinetiam
264 3147 408 3244 angusto
428 3153 558 3219 dudilm
574 3167 734 3218 contenta
751 3156 860 3221 canali
878 3205 887 3240 ,

1 3260 2 3314 l
35 3236 117 3314 Mor
134 3247 195 3312 ubi
211 3243 300 3310 facta
317 3245 371 3310 via
392 3261 464 3330 est,
482 3244 597 3334 rapido
617 3243 700 3332 petit
720 3244 843 3308 aethera
862 3247 979 3337 jactu,

1 3335 2 3409 l
33 3336 162 3403 bellum
182 3334 249 3425 ipsi
268 3351 402 3399 motura
417 3335 514 3425 polo,
537 3334 713 3421 nubesque
727 3333 891 3400 lacessens
1001 3375 1004 3380 ,

33 3428 204 3494 AEthereas
220 3425 328 3490 ambit
351 3424 425 3502 coeli
443 3414 647 3513 restinguere
667 3421 835 3486 flammas.

1 3533 2 3569 l
33 3519 94 3584 Sed
110 3519 193 3610 quid
207 3531 295 3583 tecta
312 3514 432 3604 juvant
446 3513 546 3601 pariis
561 3511 703 3576 suffulta
720 3511 911 3603 columnis,

1 3633 2 3669 1
33 3609 124 3694 Quid
143 3610 269 3700 passim
288 3601 412 3669 croceis
431 3601 584 3666 halantes
605 3597 744 3663 floribus
760 3599 869 3688 horti,

1 3703 2 3760 l
31 3697 164 3766 Deliciae
183 3693 324 3762 ”domini
348 3691 550 3798 quondam?
571 3689 676 3765 Nunc
698 3687 790 3757 invia
805 3693 929 3788 sedes,

1 3771 2 3844 l
30 3790 72 3857 Et
87 3789 218 3856 deserta
234 3785 319 3876 jacet
331 3794 349 3876 7*
364 3809 434 3875 Jam
451 3783 521 3874 jam
541 3781 671 3848 factura
690 3781 840 3849 ruinam.
906 3807 914 3826 ·
