2632 4452
124 246 194 322 iffi
398 265 766 319 cennruuu

122 369 274 454 Christe,
290 363 354 431 tibi
370 379 438 454 est3
457 363 545 431 mihi
558 390 603 430 ne
619 363 784 430 fundatur
794 363 943 452 inutilis,
958 364 1035 430 oro.1

112 461 177 531 rDa
188 458 352 525 scelerum
368 455 534 548 absterget
546 454 716 542 maculas,
732 454 775 520 ‹la
789 453 927 526 vulnere
940 470 1043 520 sanet

47 635 50 639 .
81 619 83 627 Α
120 551 260 636 Obsita,
280 561 313 618 et
327 559 478 639 optatam
489 545 574 612 ferat
586 546 623 610 in
636 544 818 634 preecordia
834 545 957 611 vitam!

274 727 363 798 An
406 723 627 796 neces
668 725 916 827 nicos.

123 831 200 962 Er
214 889 376 956 dubitatis
388 885 500 952 adhuc
509 882 528 951 ‘lt
541 911 625 954 nam
640 911 716 980 quae
732 879 959 976 mora'deindb
972 883 1121 952 retarder

123 981 326 1072 Ancipites?
340 975 391 1044 vel
407 975 491 1066 quid
508 977 593 1044 coelo
601 977 769 1046 rimentur
785 979 827 1046 ab
841 978 907 1045 alto

121 1070 353 1163 ¹En‘pectentre
368 1066 479 1134 oculi!
500 1084 681 1158 postquam
693 1069 754 1134 lux
769 1069 858 1135 alma
874 1067 1020 1155 refulsit,

124 1160 169 1232 Et
180 1161 260 1227 tulit
272 1174 394 1251 optatae
407 1155 540 1222 dudum
552 1159 642 1224 bona
655 1159 779 1226 nuntia
795 1158 894 1226 vite?
1090 1145 1097 1170 ⁸

125 1252 188 1321 Ille
202 1251 351 1336 etenim,
372 1245 473 1342 lapsis
486 1245 669 1318 hominum
684 1273 756 1340 spes
770 1248 873 1314 unica
886 1248 1009 1334 rebus,

124 1343 243 1426 Quem
258 1355 353 1408 secra
367 1353 553 1406 venturum
567 1341 716 1406 cecinere
728 1339 862 1407 oracula
873 1354 1011 1424 vatum,

126 1431 255 1517 Venit,
273 1445 363 1497 certa
375 1427 478 1514 fides,
499 1445 531 1518 et
546 1453 688 1496 summe
695 1430 809 1521 lapsus
822 1429 961 1526 olympo
984 1449 986 1452 ’

127 1520 284 1588 Afflictas
295 1529 421 1586 recreat
433 1517 589 1608 praesenti
602 1519 752 1586 numine.-
761 1536 880 1587 terras..
953 1573 956 1580 .

102 1637 103 1642 ¹
174 1607 229 1676 Ite
239 1610 385 1696 alacres,
405 1624 578 1700 properate
591 1609 676 1697 viri,
696 1609 765 1701 qui
778 1605 871 1676 stella
888 1607 1082 1674 secundum

87 1697 88 1712 ¹
128 1701 256 1768 Praevia
272 1713 441 1766 monstrat
458 1697 543 1762 iter:
564 1716 687 1764 natum
700 1699 802 1764 modb
820 1699 958 1788 quoerite
970 1696 1076 1762 vebis·¹

130 1790 331 1874 Infantem,
353 1785 438 1852 vasti
451 1809 555 1874 quem
570 1811 642 1852 non
656 1789 745 1878 capit
757 1787 905 1852 ambitus
918 1785 1026 1874 orbis,

129 1880 238 1970 Cujus
250 1879 292 1943 ab
306 1873 449 1968 imperio
461 1875 584 1965 pendet
595 1892 717 1942 natura
731 1876 880 1970 potenti,

116 2011 118 2017 ·
130 1971 175 2038 Et
188 1985 258 2036 toto
272 1991 499 2065 quaecumque
512 1965 624 2033 nitent
636 1967 802 2034 miracula
814 1967 958 2033 munde.

121 2059 185 2127 Ne
201 2083 259 2124 vos
274 2058 379 2124 tristis
394 2057 535 2147 hyems,
551 2083 595 2123 ne
611 2057 710 2124 taedia
721 2059 822 2149 longa
836 2057 970 2125 viarum

130 2149 338 2236 Detineant,
354 2145 494 2213 faciatve
507 2163 618 2213 metus
635 2147 743 2238 gravis
755 2147 805 2213 ira
821 2146 991 2239 Tyranni.

178 2238 330 2326 Audior,
347 2237 395 2302 ire
432 2253 527 2302 arant
538 2245 554 2326 3'
564 2237 634 2326 jam
648 2237 746 2304 missi
755 2261 884 2304 carcere
896 2261 1036 2321 currus,

129 2329 248 2420 'Atque
261 2307 387 2393 alacres
402 2262 581 2391 genantur
593 2328 672 2418 equi
685 2353 694 2416 3
715 2328 807 2394 stan't
823 2328 960 2424 agmine
972 2328 1075 2418 longe

97 2435 104 2451 ⁸
127 2416 331 2510 'Tergemini
342 2417 473 2522 Reges,
494 2417 704 2511 pretiosaque
717 2439 861 2484 munera
874 2433 1023 2510 portant,
1043 2421 1047 2494 f

36 2589 38 2598 ‚
132 2509 206 2576 Nec
218 2509 327 2599 pudor
338 2525 394 2582 ¹est
406 2505 472 2572 1llis
485 2552 495 2590 ,
518 2533 602 2601 qnos
617 2509 709 2599 regia
721 2533 872 2600 purpura
884 2509 981 2575 vestit
993 2553 1005 2594 ,

20 2632 22 2637 ·
132 2597 326 2664 Suffultum
337 2596 434 2701 palei
445 2596 632 2688 infantem,
652 2599 847 2690 calamoque
862 2595 1002 2690 palustri

133 2689 316 2779 Obsequiis
332 2689 459 2782 colere,
480 2703 512 2752 et
529 2687 711 2765 deminum
727 2689 924 2783 Regemque
941 2685 1052 2776 fateri..

133 2780 185 2846 At
198 2773 436 2868 vos‘pastores,
451 2777 539 2842 nihil
550 2779 655 2863 hinc,
676 2779 868 2867 piaturbe,
889 2778 1017 2867 delete}
1098 2791 1108 2799 '

134 2869 174 2934 Si
186 2867 307 2952 vultu,
332 2892 401 2957 quo
414 2892 472 2946 vos
489 2868 618 2960 excepit
632 2868 785 2934 Christus
799 2915 808 2954 ,
825 2867 942 2956 eodem
1017 2858 1020 2866 ¹

135 2955 296 3058 Excipiet
311 2957 417 3048 Reges
430 2983 439 3046 3
460 2957 592 3024 Christe
605 2983 638 3024 se
652 2959 833 3048 adjungere
846 2957 894 3024 fas
909 2974 957 3024 est

138 3045 331 3134 Omnibus,
349 3063 382 3112 et
395 3047 507 3112 faciles
520 3048 615 3112 nullo
628 3048 843 3134 discrimine,
859 3072 991 3136 semper

136 3135 321 3204 Invenient
338 3135 470 3222 aditus,
488 3138 614 3224 ‘quibus
630 3154 663 3208 et
675 3137 844 3204 tractabile
855 3138 980 3204 mentis

140 3226 350 3320 Obsequium
365 3244 430 3319 ,et
445 3223 535 3294 ¹nulli
554 3228 625 3295 vita
641 3245 689 3294 est
708 3227 853 3299 obnoxia
867 3227 987 3328 culpae.

236 3515 242 3530 ⁸
351 3491 365 3520 .
496 3545 748 3592 mm·
