2690 4452
132 303 204 404 4st
415 323 791 374 canurnun

131 425 290 495 Volvitur
304 422 483 492 exundans
501 422 640 492 densam
657 425 805 494 turbine.
822 424 956 497 Tantus

133 517 268 582 AEstuat
283 513 377 580 unde
392 513 518 604 vapori
533 514 622 598 Ques
641 530 736 582 tanta
751 515 912 583 incendia
928 518 1057 588 nubem

132 611 188 698 Ag
210 604 402 671 lomerant'i
419 603 559 670 Subitus
578 629 622 670 ne
643 607 764 672 Sinam
782 606 973 698 depascitur
988 606 1103 698 ignis?

132 696 164 762 Ο
181 632 302 784 Deus,
321 695 411 786 ignis
430 694 524 762 eras!
546 694 643 760 avido
660 695 754 764 Deus
771 695 851 787 igne
869 719 1049 764 coruscans

132 786 281 852 Venerat
297 831 307 872 ‚
332 801 365 850 et
384 783 474 850 claro
488 783 710 852 flammarum
726 785 863 853 ardebat
878 789 917 854 in
933 813 1028 854 auro.
1089 837 1094 847 ·

109 875 220 968 'Ergo
240 889 453 964 erumpentes
472 872 560 940 radii
578 898 660 942 cava
676 875 795 942 nubila
810 877 938 968 passim

130 964 330 1031 Incendunt
345 989 354 1028 r
371 964 484 1030 lucem
503 963 612 1030 nubes
629 963 715 1032 dum
732 968 949 1056 comprimit,
969 967 1063 1035 ardet

54 1073 58 1082 ’
130 1055 307 1140 Discolor,
325 1053 526 1144 inclusoque
545 1053 669 1120 rubent
689 1055 864 1147 splendore
879 1059 1038 1124 tenebrae.

132 1147 184 1212 Ac
201 1147 306 1226 veluti
322 1143 426 1210 solem
442 1143 593 1236 pendens
610 1143 671 1210 ubi
686 1145 838 1212 condidit
854 1147 1004 1235 humor,
1134 1143 1137 1148 ’

129 1237 310 1303 Involvens
327 1233 453 1302 nitidos
467 1235 540 1300 atrd
554 1233 724 1326 ferrugine
737 1237 875 1326 vultus3

130 1325 211 1394 Pars
225 1324 512 1396 densata.hebetes
528 1323 699 1392 radiorum
714 1326 885 1418 intercipit
898 1329 1010 1417 ictus,
1077 1338 1081 1348 '

130 1416 211 1482 Pars
230 1441 249 1482 a
273 1415 336 1482 erit
353 1439 422 1480 sese
437 1413 582 1482 rutilans
599 1428 631 1481 et
648 1415 760 1506 pervia
773 1416 944 1508 flammis,

130 1505 236 1571 Horti
261 1521 315 1572 cat
332 1503 457 1570 coelum
473 1503 583 1596 mixti
598 1503 741 1596 caligine
755 1506 879 1598 fulgor.

130 1594 226 1661 Talis
244 1611 313 1661 erat
330 1593 445 1666 facies,
462 1593 542 1659 Tali
560 1593 774 1662 discriminat
795 1597 937 1664 umbras

129 1683 274 1780 Fulgore
290 1685 482 1774 irradians,
499 1685 561 1750 lux
579 1683 817 1779 incola·noctis
834 1709 960 1783 macer·

227 1873 592 1950 VITULUS
648 1875 986 1984 A‚UR.E·US.

129 1987 301 2112 Drusi
322 2039 415 2103 nube
433 1985 563 2125 latens,
586 2038 700 2104 medis
720 1991 890 2107 testudine
908 2017 1079 2140 flamme,
1131 2031 1137 2038 ⁵

130 2121 295 2199 Numinis
314 2126 448 2194 aetherei
466 2129 580 2192 Moses
601 2127 735 2192 auditor
753 2146 786 2193 et
806 2129 926 2220 hospes

129 2223 224 2290 Dum
241 2217 348 2300 sedet,
368 2231 400 2278 et
418 2237 553 2278 summo
571 2231 752 2288 cunctatur
767 2218 890 2282 vertice
903 2219 1057 2307 montis,

128 2307 242 2400 Impia
258 2303 394 2382 Judaeas
413 2302 519 2368 intrat
534 2305 669 2370 vesania
685 2321 828 2384 mentes.

130 2397 245 2490 Cingit
262 2398 434 2462 Aaronem
451 2392 595 2468 confuso,
610 2393 767 2460 exaniine
783 2395 919 2480 vulgus·

128 2492 287 2559 Densum
304 2484 477 2571 humeris,
500 2507 626 2576 magno
649 2509 692 2548 ue
711 2483 823 2551 virum
843 2467 988 2562 clamore
1001 2487 1146 2578 fatigatr

129 2613 153 2647 <c
173 2579 283 2670 Finge
299 2575 413 2664 Deos,
432 2573 484 2640 fac
505 2507 729 2652 haberelleos
750 2577 811 2666 qni
829 2593 944 2646 nostra
965 2579 1115 2645 secundo
1167 2607 1185 2614 ··

129 2701 152 2738 ι)
175 2668 329 2743 Numine
346 2677 451 2756 caepta
469 2664 611 2753 juvent,
634 2664 831 2756 ducantque
850 2667 889 2730 in
908 2668 996 2735 ‘bella
1013 2671 1184 2736 cobortes.

115 2789 152 2826 a>
174 2759 308 2825 Scilicet
325 2754 484 2821 occubuit
500 2755 603 2820 taciti
618 2755 682 2819 sub
697 2756 788 2820 nube
805 2755 985 2847 sepultus,
1075 2803 1082 2815 -
1130 2799 1134 2816 .

128 2879 152 2916 n
174 2849 235 2914 Ille
252 2846 304 2912 vir
317 2844 479 2911 occubuit
496 2845 557 2935 qui
574 2867 636 2909 nos
652 2869 711 2936 per
727 2845 898 2937 inhospita
911 2864 1051 2942 tesqua,
1089 2877 1092 2886 ’

128 2969 152 3006 2>
173 2939 340 3028 Jejunum
356 2959 415 3089 per
427 2934 497 3000 iter
512 2934 584 3000 Nili
599 2934 641 2999 de
657 2935 842 3028 pinguibus
863 2939 950 3004 arvis
1101 2939 1104 2948 '

129 3059 153 3096 n
174 3027 294 3094 Traxit
310 3050 354 3089 an
382 3023 507 3091 slantes
525 3041 534 3090 ὲ
554 3025 647 3090 Mosi
661 3050 732 3091 nox
745 3027 887 3108 incubat
907 3030 1038 3098 'umbris

129 3151 152 3185 n
176 3115 347 3202 AEternis,
364 3129 488 3180 aeterna
505 3132 666 3204 premunt
684 3116 807 3182 oblivia
823 3120 971 3184 Mosam.
988 3145 1011 3182 π)
1093 3157 1097 3166 -

130 3211 210 3278 Non
228 3207 307 3274 tulit
326 3204 542 3272 Amtamides
559 3204 650 3276 durae
668 3205 821 3270 convicia
836 3207 963 3298 plebis3

128 3302 332 3390 Irarumque
349 3296 474 3362 timens
492 3321 542 3360 tre
556 3297 694 3359 Aurum
707 3293 777 3384 jam
792 3297 932 3397 ponite,
951 3297 1071 3386 dixit,

130 3421 153 3458 n
175 3392 257 3458 Huc
276 3387 413 3476 afferte,
435 3386 530 3452 Deus
547 3400 656 3452 vestro
676 3385 817 3478 fulgebit
835 3385 873 3452 in
891 3413 1027 3456 auro.»
1072 3449 1077 3460 ,
1105 3414 1107 3420 ·

130 3482 186 3548 Sic
208 3483 255 3548 ait
278 3505 287 3544 a
311 3503 350 3545 ac
372 3477 483 3544 subito
503 3475 607 3542 fervet
621 3501 746 3542 manus
766 3479 901 3566 omnis,
924 3496 957 3546 et
980 3496 1099 3545 ornnes
1184 3474 1188 3484 ’

130 3574 187 3662 Ap
210 3585 305 3636 arent
319 3569 436 3661 positis
457 3567 603 3636 viduatae
619 3567 813 3659 insignibus
832 3593 944 3654 aures.

128 3598 305 3750 Elliilgent
317 3659 395 3725 totis
412 3657 560 3724 detracta
574 3657 717 3724 monilia
733 3657 861 3737 castris.
888 3677 890 3683 ’

40 3785 54 3814 n
126 3749 290 3820 Denudat
307 3751 403 3840 pueri
418 3746 565 3835 collum,
589 3747 692 3816 simirl
707 3749 787 3851 ipsa,
799 3748 932 3839 reponit

127 3842 274 3935 Pignora
289 3838 442 3932 conjugii
458 3855 585 3929 mater,
608 3837 711 3916 simul
726 3839 859 3906 innuba
878 3841 971 3932 virgo
