2632 4452
278 271 452 326 trrrn
501 265 736 326 sarnus.-

307 442 336 514 P
352 443 392 514 U
408 444 440 513 E
457 443 492 514 R
528 444 551 516 J
567 443 598 514 E
615 441 639 512 S
656 441 695 512 U
712 437 738 512 S

57 606 96 678 ln
117 601 272 706 officiati
285 598 444 706 'Josepti
468 601 690 678 vulneratus
718 549 810 676 cium
817 599 1005 702 fabrilem

364 719 728 778 amwlfflstmwh-

57 812 160 934 Dru
175 863 271 956 rudis
288 879 416 932 exercet
430 865 558 934 durum
575 849 639 934 sub
655 859 748 955 patre
760 863 930 952 laborem,

57 955 246 1052 Irnbellique
261 981 368 1020 manu
386 979 512 1022 serram
527 953 669 1024 molitur
681 955 797 1040 I‘e’suS,

8 1099 12 1128 ‚
57 1045 132 1110 Ecce
148 1060 265 1112 cutem
280 1061 371 1112 recto
392 1044 434 1109 de
448 1043 582 1112 tramite
596 1044 692 1114 devia
706 1069 766 1110 cus
791 1045 820 1110 is

8 1129 11 1216 l
58 1135 236 1214 Vulnerat,
260 1150 293 1200 et
309 1149 402 1203 sacro
415 1135 574 1238 respergit
588 1159 648 1202 san
673 1133 755 1200 uine
766 1069 934 1204 bertram.

7 1235 13 1324 ᾗ
58 1215 156 1290 Sensit
173 1223 282 1316 Virgo
295 1247 435 1318 parens3
457 1223 561 1290 Slmul
576 1160 730 1314 advolat,
748 1239 849 1316 atque
864 1223 1014 1292 dolorem

7 1323 10 1404 ς
56 1313 226 1380 Flebilibus
241 1327 360 1382 testata
376 1315 507 1403 modis,
526 1340 564 1382 su
590 1339 718 1406 ensque
734 1339 912 1403 cruorem,

7 1405 9 1470 l
57 1402 125 1490 Qui
159 1404 226 1470 otis
237 1419 308 1514 est,
325 1403 415 1470 fovet
432 1421 502 1472 arte
515 1341 668 1494 malum,
686 1405 881 1496 mulcetque
894 1397 1072 1476 medendo.

6 1471 9 1568 l
95 1431 158 1560 Olli
176 1491 354 1561 subridens
366 1495 476 1562 Divus
489 1497 595 1582 Puer,
616 1512 649 1561 et
661 1493 790 1562 saccali
813 1519 873 1559 ens

6 1569 8 1626 l
58 1581 190 1670 Oscula,
205 1607 303 1676 parce
320 1599 439 1671 metu,
454 1583 539 1649 dixit
551 1630 562 1672 ,
575 1583 748 1650 carissima
763 1519 889 1649 Niater.

6 1629 9 1754 l
57 1671 137 1739 Nam
153 1699 216 1740 cur
230 1672 411 1744 sollicitam
426 1688 459 1738 te
476 1673 608 1766 guttula
625 1671 802 1764 sanguinis
814 1671 932 1762 angit?

57 1763 136 1840 Pone
151 1763 298 1837 modum
313 1761 497 1854 lacrymis,
515 1779 547 1830 te
573 1787 615 1830 ue
629 1762 672 1828 ad
689 1761 817 1851 majora
831 1784 972 1832 reserva.

5 1859 8 1950 ,
58 1852 198 1946 Tempus
216 1852 299 1938 erit,
312 1875 438 1918 manus
454 1853 527 1920 heec
545 1789 638 1920 ilavo
651 1877 733 1922 cum
745 1849 813 1918 fixa
830 1849 949 1920 trabali

5 1957 8 1982 ³
58 1942 259 2036 Sanguineas
270 1941 393 2010 fundet
409 1941 502 2036 largo
514 1942 555 2008 de
570 1943 708 2010 vulnere
720 1940 821 2010 rivos.
920 1949 923 1956 '

4 2185 7 2206 .·
77 2121 287 2196 AMORIS
319 2119 380 2194 IN
402 2121 653 2194 CHRISTO
680 2121 750 2195 DE
771 2122 980 2200 ,MORTE

4 2215 6 2352 l
364 2311 677 2366 TRIUMPHU&
726 2266 733 2298 l

4 2353 6 2398 t

4 2435 6 2488 l
55 2391 220 2513 Ouarar
237 2447 343 2516 tacita
359 2444 508 2512 nemoris
520 2463 667 2515 secretus
678 2448 718 2512 in
731 2443 856 2514 umbra

4 2499 8 2616 l
55 2537 225 2622 Christus,
243 2553 277 2602 et
290 2535 481 2603 humanam
496 2535 665 2605 mehans
678 2537 742 2602 sub
759 2537 857 2604 corde
873 2535 1037 2625 salutem,

4 2617 6 2728 ξ
55 2628 223 2720 Magnum
238 2651 346 2718 opus3
365 2627 526 2692 immensi
540 2642 658 2692 contra
670 2651 778 2718 genus
793 2651 895 2693 omne
909 2627 1050 2717 doloris,

4 2729 6 2808 l
55 2715 175 2783 Contra
191 2716 291 2782 mille
303 2741 401 2784 neces
417 2716 509 2783 vario
526 2716 728 2808 trepidantia
740 2733 839 2786 motu

4 2825 7 2892 ᾖ,
54 2807 185 2874 Pectora
197 2818 220 2894 ,¹
232 2824 265 2872 et
281 2805 448 2874 incertam
465 2805 620 2874 firmabat
636 2803 752 2874 robore
769 2823 933 2876 mentem.

4 2893 6 2944 ἶ
92 2897 228 2964 Interea
241 2897 354 2964 subito
368 2898 466 2965 tellus
482 2913 594 2964 emota
610 2897 766 2965 tumultu

54 2987 258 3082 Rumpitur,
279 3003 311 3054 et
327 2989 454 3081 stygias
470 2988 598 3080 gremio
613 2989 720 3055 vomit
731 2988 868 3056 horrida
880 3006 1022 3058 turmas.

4 3079 12 3122 '¹
54 3078 126 3144 Pars
140 3077 254 3144 blavos
268 3079 359 3144 acuit
375 3078 532 3172 praeduri
547 3079 585 3144 in
604 3095 675 3144 cote
688 3080 848 3167 trabales,

55 3167 126 3235 Pars
140 3191 267 3234 vacuas
283 3167 421 3237 fremitu
436 3169 592 3236 horrifico
607 3169 710 3261 flagra
728 3171 800 3236 dira
813 3195 871 3262 per
887 3195 986 3238 aitrus
1034 3187 1048 3208 “

4 3261 14 3332 ζ·
54 3257 205 3328 Ventilet
217 3257 416 3326 infrendens
429 3307 439 3347 ,
453 3283 529 3351 pars
543 3260 706 3325 insultare
718 3260 847 3326 laborat

50 3345 208 3415 Innocuo
225 3347 349 3437 capiti,
365 3365 397 3415 et
413 3351 542 3415 circum
557 3373 649 3414 sacra
662 3365 814 3440 tempora
825 3348 931 3413 flectit

4 3451 5 3458 ’
54 3436 258 3505 Horrentem
271 3436 385 3502 dumis
398 3455 430 3502 et
445 3455 543 3503 acuto
557 3464 654 3526 vepre
668 3448 840 3503 eoronam.
874 3510 878 3520 x

52 3525 129 3596 Pars
147 3526 277 3593 infame
291 3523 394 3592 trahit
406 3550 531 3616 magno
548 3527 725 3590 molimine
739 3526 895 3625 lignum,

56 3615 155 3684 Unde
167 3617 322 3684 animam
336 3616 501 3708 exspiret,
518 3614 580 3680 toti
605 3639 647 3678 ue
663 3613 812 3680 indeblta
828 3613 959 3680 mundo

4 3779 5 3782 ,
55 3705 226 3794 Victima,
246 3706 324 3774 'non
339 3706 476 3772 meritas
492 3704 568 3772 fuso
582 3639 640 3770 let
653 3705 818 3797 sanguine
830 3729 957 3795 poenas.

92 3797 195 3891 Quin
211 3798 313 3868 etiam
326 3798 453 3871 stolide
466 3795 595 3889 jactant
608 3797 760 3867 convicia
777 3796 913 3890 linguae.
