2666 4452
296 195 307 224 Ι

150 272 224 348 332
430 291 801 350 oanurnuu

193 395 428 462 Conviciautes
446 396 522 458 tum
535 392 705 458 Parasitus
722 391 860 456 intuens

179 485 267 552 'Hac
284 484 355 574 lege
369 501 514 562 vestros,
533 483 637 568 dixit,
656 507 715 572 ego
733 480 832 564 ludos
854 480 971 550 feram.

191 636 389 704 Dicacitatis
401 638 462 702 ille
476 637 614 701 culmen
630 636 761 727 attigit,

191 727 359 817 Quisquis
372 728 489 817 jocum
506 726 657 792 retundit
672 725 803 790 meliori
821 725 908 813 joco.

149 905 287 984 MORS
312 905 486 978 MEDICI
509 903 702 975 HABITU
726 903 1110 986 DISSIMULATA.1

387 1037 396 1060 ‚
642 1032 644 1038 ,

196 1019 345 1136 Num.
355 1095 410 1134 un
428 1085 476 1134 est
490 1064 621 1133 salubre
635 1083 753 1134 contra
769 1067 921 1130 Mortem
932 1065 1176 1132 Pharmacum.
1192 1088 1195 1102 ·

194 1229 288 1300 Dum
301 1225 407 1289 terras'
416 1222 544 1288 habitat
559 1221 657 1286 sociis
674 1246 755 1286 cum
768 1219 921 1286 fidelibus
935 1214 953 1308 ,¹

194 1319 279 1385 Suas
295 1319 327 1378 e't
341 1328 425 1378 artes
442 1311 611 1402 impendit
627 1311 765 1376 feliciter

194 1407 295 1471 Satus
308 1403 448 1469 Pliaebeo
462 1401 628 1493 sanguine
642 1401 856 1491 AEsculapius
866 1425 888 1488 3.

97 1537 99 1542 .
142 1545 145 1561 .
197 1497 295 1560 Mors
310 1517 497 1558 numerum
510 1492 621 1557 minui
634 1491 718 1558 vidit
731 1492 943 1558 Umbrarum
958 1490 997 1556 in
1008 1489 1077 1556 dies
1093 1537 1104 1578 ,

136 1593 145 1621 ⁴
194 1587 240 1654 Et
255 1609 324 1648 esse
336 1607 457 1650 vacuas
470 1583 561 1647 Ditis
573 1581 698 1647 inferni
709 1580 838 1647 domos.

92 1723 95 1730 -
194 1676 242 1740 Er
265 1677 351 1759 bne,
367 1673 471 1760 dixit,
490 1672 575 1759 vile,
591 1673 768 1757 mortales,
786 1695 892 1761 genus

194 1699 289 1830 Mill
303 1763 454 1851 meisque
469 1763 580 1866 regnis
596 1762 740 1830 illudant
754 1759 889 1862 pallini?

194 1853 327 1920 Devota
343 1855 487 1943 nempe,
502 1875 573 1940 Jam
586 1851 769 1942 depontanr
785 1874 902 1934 senes,

194 1927 338 2008 ffiddm
349 1940 437 2005 Orco
452 1941 559 2030 capita
577 1956 707 2006 nostras
720 1937 1047 2031 effugiant⁰manusl

193 2032 328 2096 Tamen
345 2031 422 2120 quis
435 2015 504 2097 ssse
517 2031 620 2118 possit
633 2030 791 2106 vindictae
804 2031 952 2094 modus?
1080 2038 1083 2046 '

192 2121 286 2186 Nam
301 2119 532 2198 dira'febrium
550 2135 650 2222 atque
663 2121 861 2184 morborum
875 2118 1016 2204 cohors,

192 2208 381 2274 Comitatus
398 2205 677 2293 Mortislaenfer,
697 2207 887 2292 salubribus
1097 2203 1101 2211 ⁴

191 2299 319 2364 Exacta
334 2296 443 2361 succis
456 2293 540 2368 ferte
555 2295 625 2386 jam
638 2312 816 2388 nequeunt
826 2320 945 2385 opem.

191 2389 282 2479 Ergo
296 2411 423 2467 versare
439 2385 594 2471 fraudes,
606 2402 656 2473 et,
676 2387 767 2478 quod
775 2387 923 2478 'publicae

191 2477 330 2546 Prodest
343 2476 443 2542 saluti
456 2524 466 2564 ,
486 2493 611 2544 vertere
624 2479 726 2542 exitio
743 2494 849 2568 parat.
1039 2549 1042 2554 ,

191 2569 288 2656 Quid
302 2567 431 2632 multa?
446 2567 564 2632 statuit
575 2567 647 2658 ipsa
663 2569 840 2636 Medicum
854 2568 1001 2657 fingere,

113 2691 122 2714 ο
190 2659 341 2728 Habitus
368 2683 408 2722 ue
421 2651 452 2722 et
466 2682 524 2722 ora
537 2657 620 2728 ferre
634 2683 709 2748 quse
727 2657 857 2722 Medici
871 2659 989 2726 solent.

191 2747 294 2812 Mora
308 2683 402 2813 nilla
413 2791 423 2832 ,
434 2743 559 2818 falcem
573 2751 671 2840 ponit
682 2749 842 2818 infestam
856 2773 977 2816 manu.

190 2825 404 2924 Nudunique
421 2835 508 2901 fictis
523 2854 622 2902 ornat
634 2839 810 2904 calvitium
829 2841 947 2904 comis.

189 2925 282 2996 Dein
293 2925 436 3015 pulchral
451 2927 597 2992 maciem
608 2927 748 2994 lividam
762 2929 855 2994 larva
872 2945 988 3019 tegens

190 3015 394 3084 Dissimulat
435 3016 507 3079 ulla
525 3034 614 3084 veste
634 3045 754 3108 compa
778 3044 832 3083 ern
846 3043 999 3107 osseam,

190 3106 235 3182 Et
249 3120 385 3169 curtum
403 3041 549 3196 (lenique
562 3107 599 3169 in
613 3045 850 3172 mulumievis
866 3107 985 3172 insilit.

192 3193 272 3262 Hoc
291 3209 467 3286 personata
504 3202 654 3286 acto'per
671 3197 762 3261 vicos
777 3198 890 3283 subit,

190 3288 256 3353 Per
269 3285 434 3377 etplateas
442 3332 454 3364 ,
473 3222 740 3353 libricitantium
754 3303 786 3354 et
805 3287 944 3377 ‹lom'os3
972 3301 976 3312 ‘

190 3377 374 3468 Et0apertis
391 3376 481 3462 ultrb
496 3375 579 3442 dlim
592 3379 695 3476 portis
712 3377 926 3465 admittitur,

192 3466 412 3558 Contagiosos
428 3465 521 3534 afflat
535 3469 669 3535 cunctis
688 3469 846 3562 spiritus,
912 3480 918 3492 “

191 3555 237 3621 Et
253 3556 367 3645 praeda
380 3558 520 3646 potitur.
541 3559 674 3626 Placuit
686 3560 751 3626 hoc
766 3559 894 3626 fraudis
909 3559 1035 3650 g'enus'3
1135 3568 1169 3623 r·

192 3647 288 3710 Hinc
304 3634 396 3732 diors
414 3651 555 3714 eandem
569 3653 719 3718 retinens
733 3651 899 3742 hodieque
917 3649 1091 3740 indolem,

141 3751 145 3762 ’
191 3737 266 3809 Aut
281 3735 459 3804 Medicum
485 3739 647 3830 simulat,
669 3757 728 3808 aut
739 3759 816 3836 post
830 3740 1041 3835 equitantem
1053 3739 1156 3807 sedet.

1110 3435 1133 3470 ·
1172 3444 1175 3454 ι

1170 3458 1172 3467 ⁴

1173 3493 1174 3502 r
