2680 4448
295 283 471 332 nrnnn
519 271 743 330 Μίνω.
816 273 853 284 ”

117 441 121 447 ’
191 423 232 485 In
243 426 379 486 invidum'
393 399 626 486 obtrectatorem¹
636 424 724 504 Pifti
739 423 886 486 Foedera.

49 578 208 644 Fortuna
223 589 255 640 et
271 575 392 642 Virtus
409 569 580 642 concinno
593 577 632 640 in
642 575 804 642 Dramate
818 573 869 668 (1)
885 599 1024 642 concors
1081 649 1087 660 ,Ἴ

140 664 225 733 Visa
239 656 308 753 est,
322 682 355 732 et
370 667 502 733 cunctis
515 665 644 731 Fabula
659 681 753 757 grata
769 666 848 730 fuit.

46 756 149 842 Quin
167 753 269 820 etiam
280 756 319 819 in
332 755 463 822 Tabula
478 755 672 848 depingitur
685 773 829 844 utraque
843 779 1000 843 concere,

141 845 248 910 Grata
266 845 368 911 etiam
385 846 503 912 multis
516 870 591 912 rara
603 845 741 911 Tabeila
754 845 832 910 suit.

47 935 85 1002 Si
99 935 158 1002 cui
171 934 239 999 fors
253 935 387 1003 faveant
400 935 520 1002 studiis
536 935 779 1012 communibus
794 935 926 1023 ambae,

141 1023 236 1092 Nam
253 1051 315 1093 cnr
331 1026 504 1093 sincerum
515 1025 631 1092 foedus
644 1024 681 1092 id
696 1049 764 1091 esse
778 1049 878 1115 neges
892 1025 923 1092 3⁴

314 1202 794 1277 RESPONSIO.

50 1357 206 1434 Fortuna
221 1381 254 1432 et
270 1361 392 1434 Virtns
406 1357 578 1434 concinno
591 1368 631 1432 in
648 1369 810 1432 Dramate
824 1387 964 1434 concors

140 1457 228 1524 Visa
243 1457 402 1546 quidem,
418 1473 450 1522 et
463 1457 596 1524 cunctis
611 1455 740 1522 Fabula
756 1471 849 1546 grata
863 1454 942 1520 fuit.

50 1547 151 1632 Quin
169 1548 271 1626 eti'am
285 1547 325 1611 in
341 1547 478 1612 Tabula
495 1547 690 1638 depingitur
707 1559 784 1610 utra
807 1557 850 1608 u‘e
867 1567 1027 1633 concors,

141 1637 248 1702 Grata
266 1635 388 1724 etiam,
404 1639 531 1724 intem,
549 1660 623 1701 rara
638 1633 777 1700 Tabella
784 1570 864 1700 init.

50 1725 201 1812 Caetera,
220 1723 249 1789 si
267 1749 421 1815 quaeras,
438 1725 612 1818 reprobem
626 1750 688 1790 cur
701 1723 849 1809 foedera,
869 1723 981 1788 dicam
998 1747 1008 1788 r

138 1815 273 1906 Nempe
284 1814 358 1883 heec
370 1817 502 1910 pictura
518 1831 587 1906 est,
608 1815 738 1883 Fabula
753 1830 786 1882 et
798 1813 857 1881 illa
870 1811 949 1925 fnit.

237 2037 240 2049 ·
341 1995 449 2062 'Aliud
457 2001 561 2065 omnio
575 2001 773 2098 conciliann

49 2165 205 2230 Fortuna
220 2175 252 2227 et
264 2160 535 2238 Virtue'Tabtrla
553 2179 742 2229 cernuntur
757 2161 875 2228 eidem

140 2255 270 2317 Mutua
286 2255 345 2342 per
358 2253 507 2343 placidas
524 2255 716 2338 consociare
728 2276 866 2318 manue.

48 2343 256 2409 inconstans
272 2343 426 2407 Fortuna
440 2359 576 2428 tamen,
595 2365 676 2406 mox
690 2343 816 2430 perfida
830 2341 940 2407 foetlus

141 2429 294 2522 Rumpet
306 2425 369 2520 ,''et
382 2432 506 2496 &nexu
517 2431 663 2496 retrahet
674 2429 732 2494 illa
743 2444 902 2503 manum.
934 2443 938 2450 '

49 2521 262 2589 Concordem
278 2521 366 2608 potis
380 2545 435 2608 es,
452 2521 603 2591 Lonorca
616 2566 627 2607 ,
641 2535 823 2609 utramque
841 2534 952 2588 tenere
967 2544 977 2585 ε

138 2612 227 2680 Vive
243 2609 322 2676 dit!
344 2609 506 2702 longum,
522 2625 556 2676 te
569 2609 675 2699 vade,
696 2607 807 2674 foedus
819 2608 892 2674 erit.

51 2797 92 2858 In
107 2743 436 2860 GallioeDeaidetium
452 2791 603 2878 Philippo
617 2785 1003 2878 inHiapaniom'oheunte.
1042 2743 1048 2750 ·
1089 2743 1095 2756 =
1163 2741 1175 2752 -

51 2971 147 3038 Diam
162 2985 258 3062 parat
274 2971 492 3064 Hesperiam,
511 2995 573 3038 sna
585 2996 711 3064 regna,
726 2965 1067 3062 intrare'Philippus',
1099 2966 1103 2976 ’
1162 2973 1175 2996 ”

140 3061 314 3142 Curvelut
328 3062 451 3129 amisso
468 3062 579 3128 Gallia
595 3078 715 3128 moesta
729 3059 841 3126 doleti
876 3094 879 3106 ·
1240 3062 1242 3074 '

49 3152 81 3216 T
82 3177 132 3219 res
142 3151 274 3217 etenim
291 3151 380 3218 claro
397 3151 539 3218 Lodoici
556 3156 573 3218 ὸ
590 3152 756 3244 sanguine
770 3167 877 3234 natosx

138 3241 243 3308 Almo
260 3257 367 3307 servat
383 3241 495 3309 adhuc
508 3241 620 3308 Gallia
632 3243 708 3308 laeta
722 3241 812 3322 sinu,

50 3331 155 3398 Tanti
168 3347 218 3398 est
229 3329 390 3394 Borbonii
403 3356 479 3421 pars
492 3332 687 3433 sanguinis,
704 3346 744 3394 ut
760 3331 847 3396 male
860 3345 956 3404 tanto

138 3421 271 3488 Gallica
283 3437 366 3510 gens
380 3409 525 3512 regnum
538 3445 678 3527 prgnore
693 3418 807 3484 credat
822 3419 902 3488 emi.
922 3416 924 3424 ’

56 3629 58 3631 -
86 3606 127 3670 (ι)
147 3602 231 3672 Quod
247 3602 383 3668 Tabulae,
405 3600 477 3654 idem
497 3599 586 3658 fuerat
604 3589 720 3656 exhibiti
737 3600 833 3656 eodem
856 3565 998 3675 tempore'}

8 3751 9 3754 Ἴ
49 3677 185 3732 Dramatis
201 3690 397 3755 argumentum.
920 3701 923 3706 ·
