2666 4452
23 1449 154 1512 „A

18 1595 24 1611 ,
119 1537 257 1628 Lingua
271 1563 370 1604 sorios
381 1585 391 1623 ,
403 1539 541 1628 paribus
559 1556 676 1610 tecum
693 1539 780 1606 eollu

131 267 206 340 um
415 289 789 355 canurnun

123 388 218 454 Tem
231 387 443 480 superbae,
455 389 627 460 Tabulam
640 390 791 481 joculari
804 388 869 456 hoc
886 356 1036 468 carmine
1049 390 1176 484 signat.

237 477 356 580 Galle,
373 479 435 546 tibi
450 497 580 570 vestes,
596 481 786 592 quas'lubet
797 527 808 570 ,
820 479 892 572 ipse
908 507 999 572 para.

271 621 952 784 ΙΝῙΡειΤΤΑεῑΗω.Ι

125 767 285 890 Vnum
303 819 400 885 dulce
413 819 500 884 mihi
512 818 694 912 peregrinis
709 843 841 908 munus
856 823 898 888 ab
915 823 1005 911 oris,

123 908 366 1002 Angustosque
378 909 507 975 habitat
523 910 704 997 Volucris,
721 934 796 998 mea
810 917 892 1004 cura
898 959 910 992 ,
930 929 1080 1006 penates.

97 996 354 1068 -Illiusintoto
366 998 488 1066 virides
502 1001 665 1066 mirabere
680 1001 814 1090 plumas
1045 1005 1048 1012 '

123 1086 285 1180 Corpore,
304 1089 342 1172 ni
355 1089 455 1154 va'riis
472 1086 632 1180 distincta
645 1087 813 1157 coloribus
824 1087 889 1159 Iris
947 1101 956 1120 ⁸

124 1175 265 1268 Cingat,
281 1194 313 1243 et
329 1178 418 1242 ae‘rio
436 1179 561 1246 collum
576 1179 894 1272 discrimineqarcu.
987 1259 988 1264 η
1060 1263 1062 1268 Α

122 1266 211 1332 Sunt
228 1267 509 1359 Volucri-placidi
521 1293 630 1336 mores
644 1317 654 1357 ,
669 1266 868 1362 patiensque
881 1271 1037 1362 magistri
1103 1275 1107 1284 '

120 1357 164 1421 In
189 1359 306 1422 enium
316 1405 330 1444 „
345 1383 601 1452 quamcumque
614 1361 703 1426 voles
715 1357 875 1447 formabis
889 1351 932 1426 ad
946 1377 1067 1432 artem.

157 1383 218 1511 dile
236 1447 328 1538 qubd
340 1448 510 1514 humanos
522 1450 688 1517 imitando
703 1447 859 1603 effinffere
877 1450 977 1516 solers
1004 1461 1007 1468 ’
1022 1455 1024 1463 '

806 1567 859 1608 ere
873 1541 984 1608 uerbis

119 1625 268 1712 Gestiat,
284 1645 316 1692 et
332 1644 430 1716 notas
446 1627 582 1696 alternis
598 1631 733 1696 reddere
750 1655 861 1698 voces.
999 1635 1006 1652 ⁶

118 1717 205 1782 Haec
222 1718 307 1781 mihi
324 1718 407 1781 ditm
421 1714 532 1808 nuper
551 1721 647 1785 solito
665 1719 813 1785 festivior
826 1719 915 1785 ultrb
1010 1785 1011 1788 ,
1105 1733 1108 1738 ’

119 1807 256 1890 Garrit,
272 1823 304 1872 et
319 1807 496 1884 insuetum
512 1807 679 1900 depromit
692 1823 830 1898 gutture
848 1834 1009 1896 carmen3

119 1895 214 1958 Dlmr
231 1920 333 1962 rauco
348 1911 445 1960 sonat
460 1919 517 1962 ore
533 1899 676 1985 tubam,
697 1897 781 1962 dum
798 1914 964 1990 tympana
972 1897 1089 2016 pulsat
1099 1905 1121 1988 3'

118 1984 295 2054 Blanditiis
314 2002 347 2054 et
361 1985 454 2056 mille
468 2011 561 2064 ineos
578 1985 642 2053 sibi
660 1987 770 2080 captat
782 1997 912 2078 amores
926 2015 935 2077 3
1091 1995 1094 2001 ⁴

117 2074 219 2138 Tunc
237 2083 318 2164 ego,
331 2102 374 2139 ne
389 2075 526 2162 dubita,
542 2077 700 2142 Volucris
717 2075 929 2156 dulcissima,
949 2077 1021 2144 dixi
1037 2107 1045 2144 :

14 2219 20 2226 ,
118 2165 207 2228 Vere
224 2188 336 2249 novo,
356 2164 506 2253 primdm
521 2168 601 2239 clim
613 2165 689 2230 laeta
703 2164 863 2231 virescere
878 2167 976 2238 tellus

118 2253 283 2342 Coeperit,
306 2268 338 2316 et
351 2251 462 2318 mollis
479 2241 653 2342 spiiaverit
667 2280 749 2342 aura
758 2245 906 2346 Favoni3

119 2343 303 2408 Servitium
317 2341 458 2433 eripiam
474 2341 642 2434 longum,
660 2345 723 2410 tibi
734 2345 872 2410 vincula
890 2346 1035 2414 solvam:
1058 2359 1063 2370 “

116 2434 247 2523 Perque
267 2433 349 2511 altos
363 2457 545 2498 nemorum
562 2435 666 2500 saltus
682 2451 714 2503 et
732 2435 809 2500 laeta
821 2459 879 2528 per
899 2461 977 2504 arva

118 2523 303 2614 Aeriasque
314 2525 456 2612 impunb
469 2521 582 2616 plagas
596 2526 734 2591 volitare
746 2525 870 2592 licebit.

163 2616 274 2679 Pauca
288 2614 375 2681 milri
389 2603 507 2680 cbntrd
518 2616 648 2708 trepido
664 2609 755 2682 dedit
767 2641 823 2681 ore
840 2614 1010 2683 Volucn's.

116 2703 208 2768 Nam
225 2706 309 2792 quid
320 2703 391 2768 ais?
404 2729 480 2794 quae
495 2720 528 2770 te
542 2707 652 2774 nostrl
662 2705 797 2774 fastidia
809 2722 905 2772 tanta
1019 2709 1022 2716 ’

117 2791 311 2881 Ceperuntl
328 2793 492 2883 hospesne
505 2792 612 2860 forem
624 2795 848 2888 importuna?
863 2795 914 2862 vel
927 2795 964 2860 in'
978 2811 1023 2866 te.

117 2880 258 2946 Peccavi
271 2880 461 2972 quidquam
473 2881 692 2973 imprudens,
711 2887 803 2978 quod
816 2887 956 2980 plectere
974 2889 1103 2956 certesl

116 2970 250 3061 Ecquid
263 2971 356 3040 enim
368 2998 427 3062 per
438 2991 550 3064 aperta
563 2976 656 3062 jubes
666 2977 939 3068 impunes-agari
967 2975 969 2982 ’
991 2973 994 2980 ⁴
1041 2972 1043 2983 ’

117 3057 345 3149 Οωῃροῐιίιη,
366 3063 616 3154 nemorumque
630 3067 713 3130 altos
731 3067 871 3137 lustra're
885 3067 1062 3132 recessus?
1076 3081 1081 3150 Ἀ

116 3151 211 3236 Quid
222 3151 315 3239 juvet
327 3149 426 3218 exiles
439 3153 563 3307 affiitare
575 3179 634 3243 per
647 3160 722 3218 a‘e'ra
734 3179 868 3220 muscas
882 3169 891 3244 ',

116 3241 283 3332 Repentes
296 3257 328 3308 et
340 3241 440 3307 humi
462 3313 464 3319 ¹
477 3268 539 3308 uro
552 3244 717 3336 configere
732 3260 839 3311 rostro

115 3331 354 3420 Vermicnlos,
375 3333 511 3400 siccisne
527 3331 654 3400 famem
669 3333 830 3428 depellere
844 3337 982 3428 granis?

157 3421 213 3484 Tu
226 3425 367 3497 mihitu'
377 3425 520 3492 niveum
530 3425 691 3516 mollique
707 3426 841 3518 siligine
858 3433 1003 3518 p'anem,

117 3509 345 3602 conditasque
356 3537 484 3605 nuces,
500 3533 558 3582 aut
571 3563 582 3602 ,
597 3517 625 3584 si
641 3517 725 3609 quid
744 3515 875 3582 dulcius
886 3517 978 3606 istis,

114 3597 260 3688 Porrigis
277 3602 346 3692 ipse
361 3630 491 3693 manu3
514 3619 551 3672 tu
572 3633 717 3674 munera
730 3608 854 3678 blanda
870 3609 967 3698 Lyaei

113 3689 183 3752 Das
197 3689 324 3776 bibere,
342 3710 373 3758 et
388 3710 502 3762 tecum
514 3697 614 3764 lautis
626 3700 824 3764 accnmbere
841 3697 980 3764 mensis.
1062 3743 1067 3752 ·

114 3778 239 3846 Caetera
252 3775 335 3880 quid
346 3787 557 3874 memorem?
575 3787 676 3854 Potui
691 3788 838 3855 formosa
849 3786 954 3854 videri
