2680 4448
249 261 426 310 Mun
470 260 775 317 S'EP'TIMUU·

52 355 204 424 {Sicubi
215 358 307 427 venit
320 359 462 450 hyems,
477 340 541 424 aut
553 359 703 426 nubibus
721 339 794 427 acta
810 361 927 430 solutis

5 521 11 535 ‚
77 447 221 514 ,Eluvies
232 449 379 514 tumidos
393 449 563 540 stagnanti
577 449 845 541 gurgitefluctus

16 622 18 632 Ι
82 537 386 608 Extulitinitanss
402 551 505 604 rauo'o
516 564 682 606 concussa
692 539 820 632 fragore
855 537 859 548 ’
911 570 932 582 ’-

83 625 239 714 Littera,
255 628 426 718 vicinique
440 645 563 695 sonant
576 630 870 721 circumundique
884 642 1032 700 montest
1072 719 1076 740 Ι
1182 675 1185 684 ,

73 733 75 739 ’
130 715 191 782 Ille
201 723 386 817 potensque
400 719 477 804 sui,
490 727 560 784 neo
569 717 631 784 fati
648 720 814 785 obnoxius
829 745 887 786 rrae

74 803 246 870 'Tristinae
256 805 402 900 expertes
415 807 551 899 privatis
561 807 694 899 legibus
706 835 815 896 annos

81 893 199 986 Exigit
207 941 219 982 ,
233 895 270 961 in
281 899 393 962 lucem
404 900 482 964 satis
492 915 540 964 est
551 902 607 964 cui
622 897 751 986 dioere,
767 899 846 966 vixi.

76 983 298 1053 Crastinavel
311 985 415 1078 piceis
427 987 575 1054 obducat
592 989 742 1054 nubibus
755 1013 852 1055 auras
864 1013 874 1078 3
940 1054 942 1062 ,

1 1147 3 1162 ν
82 1073 150 1139 Vel
190 1077 396 1142 urosreferat
410 1077 492 1143 soles
508 1125 518 1162 ,
535 1093 568 1150 et
585 1073 696 1170 aperta
711 1103 849 1166 serena,
1031 1156 1040 1161 ,

81 1162 135 1228 Ut
143 1101 245 1230 'libeat
255 1167 318 1232 sibi
328 1193 475 1258 eumq-ue
487 1168 599 1232 Deum
610 1184 702 1258 pater
714 1169 831 1234 omnia
841 1168 950 1236 volvat
965 1196 976 1235 e

83 1251 164 1318 Non
173 1255 295 1321 iterrim
309 1271 447 1345 tamen,
461 1273 520 1323 aut
533 1259 619 1324 retrb
628 1257 698 1347 jam
709 1257 802 1350 lapsa
812 1259 967 1347 reducet,
1071 1278 1073 1282 '

80 1345 156 1410 Aut
172 1344 299 1412 infecta
307 1347 402 1412 dabit
414 1394 423 1431 ,
433 1371 511 1438 quae
528 1373 601 1411 non
614 1349 807 1412 revocabilis
817 1348 889 1412 orbi

34 1465 39 1473 ’
82 1433 216 1500 Invexit
225 1437 329 1516 semel
340 1438 444 1522 bora,
460 1461 571 1525 neque
581 1435 676 1500 audit
683 1452 820 1526 ternpus
838 1436 1014 1502 habenas·

124 1524 257 1591 interea
275 1549 360 1592 saevo
370 1526 520 1616 gaudens
532 1524 669 1590 fortuna
681 1525 855 1613 tumultu,

78 1611 244 1706 Certaque
259 1616 422 1707 praecipiti
443 1607 573 1705 semper
589 1615 745 1680 mortalia
754 1614 835 1680 ludo

80 1701 237 1790 Vertere,
250 1722 339 1772 certa
348 1729 596 1794 novossemper
612 1704 676 1770 sibi
691 1703 816 1795 fingere
830 1705 965 1793 vultus,

78 1788 178 1858 Nutu
192 1796 311 1869 adimit
325 1795 452 1878 fluxos,
469 1811 627 1886 nutuque
638 1797 769 1886 reponit
781 1795 937 1860 honores.

79 1879 184 1949 Nunc
196 1901 287 1950 amat
302 1901 333 1949 et
346 1883 466 1950 vinclis
476 1885 600 1972 fasces,
619 1900 650 1949 et
663 1902 771 1950 aratra
782 1885 891 1950 curuli
904 1933 914 1969 ,

76 1971 123 2038 Et
133 1975 282 2062 patribus
295 1975 444 2066 plebem,
462 1991 493 2040 et
516 1975 604 2040 cladi
621 1991 753 2041 mutare
768 1976 979 2066 triumph083
1052 2001 1057 2024 ‘
1101 2036 1102 2046 ,

74 2059 184 2128 Nunc
201 2065 307 2148 mihi,
327 2089 424 2130 nunc
437 2065 510 2130 aliis
526 2065 610 2130 flatu
623 2065 765 2156 aspirare
780 2066 942 2132 secundo.

77 2149 236 2243 Prospera
252 2155 281 2220 si
292 2154 400 2234 faveat
414 2200 424 2242 ,
441 2155 560 2243 laudo,
579 2155 607 2242 si
621 2181 715 2221 versa
729 2155 838 2234 favere

75 2237 243 2328 Desinat,
263 2260 294 2310 et
308 2244 437 2310 volucri
454 2271 524 2312 sese
540 2245 693 2334 improba
704 2245 878 2312 subtrahat
895 2245 972 2312 alt:

75 2329 167 2419 Cedo
183 2333 284 2421 Deae,
302 2335 500 2423 tinctusque
513 2335 626 2398 volens
637 2351 668 2398 et
681 2335 769 2398 dona
779 2336 927 2422 resigno.
983 2360 993 2382 v*
1010 2358 1012 2362 ⁴

76 2419 171 2486 Turn
184 2449 312 2490 vacuus
324 2447 460 2509 rerum,
477 2423 560 2486 cura
577 2425 651 2486 tinn
665 2421 748 2486 liber
759 2421 801 2486 ab
811 2423 927 2512 omni,
1000 2459 1002 2466 ι

58 2511 138 2576 'Me
150 2515 286 2604 propria
295 2511 428 2578 involvo
441 2511 587 2598 virtute,
604 2535 667 2574 nec
681 2511 755 2574 aeris
765 2527 920 2604 egentem
960 2559 964 2567 .

76 2599 219 2690 Ignotus
233 2603 305 2668 sine
319 2602 394 2666 dote
404 2596 480 2667 ¹colo
490 2601 589 2688 ,sine
603 2599 746 2667 crimine
755 2601 871 2665 vitam.

64 2709 66 2718 ·
123 2689 191 2755 Hic
209 2692 297 2767 mihi
306 2703 399 2783 parta
411 2692 526 2783 quies,
542 2691 606 2756 hoc
620 2715 675 2769 ,me
689 2706 811 2755 natura
823 2690 955 2756 creavit¹

67 2777 219 2869 Ingenio
234 2808 243 2846 ε
256 2807 319 2846 nec
330 2782 421 2848 enim
434 2828 444 2870 ,
458 2781 543 2846 irato
561 2782 589 2846 si
598 2805 764 2846 marmore
781 2781 903 2873 puppis

74 2867 235 2936 Fluctuet
249 2919 258 2958 ,
272 2887 305 2938 et
320 2898 453 2963 preceps
471 2872 550 2937 velis
566 2870 748 2962 immugiat
765 2871 911 2960 Auster,

74 2959 254 3026 Audierin
269 2961 406 3028 miseras
420 2959 562 3026 timidus
573 2962 744 3026 decurrere
755 2984 873 3046 voces,
956 3042 960 3048 ἱ

73 3051 148 3114 Aut
159 3052 245 3116 ¹votis
259 3077 396 3118 onerare
408 3051 516 3134 Deos,
531 3049 751 3154 precibusque
764 3051 889 3142 pacisci

4 3183 12 3196 „
73 3137 127 3202 Ne
141 3139 280 3242 Cyprias
297 3166 440 3228 merces,
459 3140 621 3232 Tynasve
630 3139 772 3230 procella
784 3143 885 3207 citato

69 3227 227 3294 Turbine
240 3248 367 3321 mergat
376 3256 454 3320 opes
469 3277 479 3317 ,
495 3247 526 3295 et
537 3231 699 3296 fluctibus
716 3231 816 3297 addat
823 3233 943 3299 avaris.
1003 3263 1007 3272 ·

72 3316 147 3383 Has
159 3365 169 3406 ,
181 3321 233 3384 vel
245 3319 411 3410 inexpleto
422 3320 559 3409 rapidus
568 3337 659 3384 voret
671 3344 804 3408 aequore
815 3331 949 3406 vortex',
1008 3376 1012 3384 ,

71 3399 139 3474 Vel
146 3408 267 3500 patulae
281 3409 428 3474 condant
440 3407 607 3473 horrenda
614 3408 651 3472 in
662 3409 928 3496 visceraphocae':

50 3552 55 3567 .
72 3497 169 3562 Dum
177 3525 232 3563 me
242 3499 364 3590 cymba
374 3497 456 3561 levis
464 3495 783 3587 pelagiqnepolique
800 3497 916 3560 ruinas

70 3587 187 3674 Inter,
202 3605 233 3654 et
244 3588 350 3654 effuso
362 3584 532 3652 fluitantes
543 3586 672 3676 gurgite
682 3609 779 3674 gazas

70 3678 287 3744 Incolumem
299 3679 435 3770 eripiat,
454 3675 686 3831 Zephyrisque
695 3674 841 3765 impulsa
852 3663 1009 3742 secundis
1057 3667 1072 3736 J

69 3768 212 3858 Optatos
222 3771 357 3861 gemino
367 3783 478 3834 teneat
516 3789 576 3831 uce
591 3765 724 3832 Castore
734 3781 860 3856 portus.
