2632 4452
65 247 216 327 ‘⁰1&
429 267 802 328 esuurrun

108 401 112 408 ’
144 371 279 459 Quidve
290 391 375 460 puer
387 363 526 454 referat,
544 391 621 457 quae
635 367 678 432 sit
690 365 821 431 fiducia
829 361 927 431 dictis
939 379 953 452 ,⁴

144 462 278 530 Ardent
290 457 424 537 scitari,
443 481 558 524 rerum
582 483 626 522 ue
644 457 816 548 exquirere
833 471 962 546 causas.

145 554 208 619 Ille
219 552 350 616 Sen'um
362 549 544 639 postqudm
556 480 690 613 dutinus
703 545 850 612 convicit
867 545 1029 634 iniquum
1041 589 1052 634 ,

145 642 192 710 Et
206 638 335 706 fraudis
350 659 465 704 coram
482 636 573 704 dedit
590 651 791 726 argumenta
803 634 982 723 nefando,

146 731 204 802 Ad
219 744 364 796 mortem
377 729 557 830 impatiens
570 724 735 818 populus,
754 726 851 789 mord
867 724 986 810 nulld,
1005 722 1149 813 reposcit

147 823 302 888 Lenones
316 841 487 911 geminos,
506 828 559 904 et,
577 838 661 970 ‹puas
677 815 801 880 inferre
813 814 1000 905 parabant,

85 985 90 998 Ι
111 975 121 996 ,
147 912 315 980 saxorum
326 907 474 1000 oppressi
485 921 585 999 'perso
599 919 684 973 vunt
699 903 863 998 grandine
877 928 1006 995 poenas.
1064 977 1068 992 ἱ
1095 991 1097 1002 Ι

86 1041 91 1050 ’
171 1086 476 1168 tuomum.
510 1087 608 1159 on
635 1081 1086 1158 Hocorueune
1113 1089 1139 1146 ·.

475 1253 790 1336 ruruueuua

147 1384 208 1510 Α
222 1461 363 1508 ssrnrr
379 1437 449 1507 fera
464 1452 571 1510 castra
586 1422 683 1504 ducis
695 1436 891 1539 mediasque
903 1431 1090 1525 phalanges

149 1531 318 1622 Attigerat
329 1530 437 1596 fidens
453 1527 578 1596 animis
595 1528 617 1594 J
618 1527 759 1614 uditha',
775 1527 907 1618 Derq'ue

151 1621 345 1712 Auspiciis,
356 1617 488 1688 rabidas
505 1617 719 1708 Holopherni
732 1617 894 1690 mulserat
908 1615 987 1683 iras.

150 1715 265 1780 Tanta
277 1712 333 1798 pio
348 1733 417 1774 sese
429 1707 593 1776 fundebat
631 1707 715 1772 ratia
727 1707 824 1772 vultu
837 1707 846 1770 l

150 1803 308 1868 Tantum
319 1797 434 1862 nativo
452 1794 586 1859 dederat
634 1818 692 1858 ens
706 1795 777 1887 ipse
788 1792 917 1882 lepori,

152 1894 197 1962 Et
209 1887 330 1956 frontis
345 1885 447 1952 decus
460 1899 492 1949 et
505 1880 623 1947 formae
635 1877 978 1960 meliorislhonoreml
1162 1941 1165 1950 ,

200 1984 248 2046 At
259 1976 381 2043 nonin
395 1974 550 2067 gravibus
565 1971 688 2053 mulier
703 1971 1008 2064 generosapericlis
1088 2039 1090 2044 ,
1118 2041 1122 2046 ,
1194 2029 1198 2048 ,

89 2118 91 2130 ·
152 2074 214 2140 Est
227 2068 329 2135 oblita
344 2064 422 2151 sul,
439 2064 652 2156 patriamque
664 2063 809 2152 impune
822 2078 978 2128 ruentem

36 2181 46 2251 ’Δ
152 2157 347 2244 Sustinuit,
365 2154 469 2220 denso
487 2175 591 2243 quam
607 2151 715 2218 milite
732 2146 891 2219 barbarus
908 2151 1015 2220 hostis
1107 2186 1110 2192 ·

73 2297 84 2318 .
153 2251 350 2334 Obsessam,
370 2243 458 2312 tristi
475 2243 664 2326 subvertere
677 2241 769 2308 clade
787 2241 935 2332 parabat.

153 2341 314 2429 Namque
328 2335 452 2400 ducem
469 2347 510 2398 ut
525 2329 610 2398 vidit
627 2354 748 2399 somno
760 2332 907 2422 vinoque
920 2332 1090 2426 sepultum
1103 2377 1114 2423 ,

153 2435 271 2522 Atque
282 2427 366 2494 altos
377 2424 451 2498 imo
466 2421 648 2496 ducentem
665 2437 797 2512 pectore
811 2422 978 2490 ronchos:
1027 2441 1028 2448 ¹

154 2523 240 2588 Haec
251 2539 386 2584 secum:
405 2513 452 2580 sic
464 2537 541 2604 ergo
555 2511 617 2576 tibi
628 2511 824 2578 temerarius
839 2511 944 2581 hostis

101 2629 107 2640 ’
153 2609 326 2695 Insultet,
343 2629 406 2670 nec
420 2602 504 2689 erit,
546 2601 584 2668 ui
598 2617 651 2686 te,
670 2601 765 2668 Deus
778 2601 887 2689 alme,
906 2619 1077 2698 tuumque

154 2699 331 2766 Subducat
346 2693 514 2786 populum
522 2629 611 2758 latis
628 2693 836 2760 instantibus
853 2693 966 2760 ultor?

154 2790 237 2856 Non
249 2788 316 2852 itas
360 2808 421 2848 uas
435 2781 561 2850 meruit
576 2782 733 2848 scelerato
747 2783 965 2873 insanguine
982 2787 1108 2876 poenas'

155 2809 419 2946 Foemmedluat
431 2871 486 2938 ille
501 2869 633 2960 manu,
649 2873 731 2938 coelo
756 2875 798 2937 uo
812 2873 1000 2940 verendum

156 2972 201 3038 Et
213 2967 308 3033 terris
322 2963 405 3030 sciat
418 2987 487 3029 esse
502 2962 637 3030 Deum!
653 2987 716 3040 nec
728 2899 826 3054 pinta
836 2962 950 3038 locuta
958 2987 985 3045 ,'

157 3057 319 3128 Protinus
331 3053 485 3128 insolitas
494 3053 641 3121 revocari
655 3054 694 3118 in
709 3069 842 3142 pectora
854 3053 957 3139 vites,

158 3145 444 3234 Foemineumque
456 3143 545 3234 abigi
562 3141 666 3220 sensit
678 3141 1014 3220 decordetimorem.
1313 3197 1315 3228 ,

120 3255 121 3259 ’
203 3237 270 3304 His
287 3233 412 3304 animis
429 3233 578 3314 thalamo
595 3231 790 3322 adproperat
805 3255 920 3298 secura
957 3231 1074 3322 eiicli,
1179 3269 1181 3295 t
1217 3273 1233 3291 e
1313 3229 1315 3252 ⁵

157 3327 449 3416 Fulmineumque
465 3349 575 3390 manu
592 3323 682 3413 capit
694 3323 918 3413 imperterrita
930 3259 1078 3411 limum,
1124 3395 1127 3402 ¹
1313 3321 1314 3332 ¹

160 3418 381 3512 (Quodlecto
398 3414 459 3482 fati
474 3411 673 3505 imprudens
685 3413 840 3504 religarat
854 3414 1001 3494 eburneo

159 3508 319 3595 Bellator,
339 3531 412 3572 non
424 3503 486 3572 hos
501 3519 817 3584 servatummunps
827 3504 1013 3593 inusus3)

159 3600 204 3665 Et
216 3596 300 3663 coelo
313 3614 473 3672 conversa·
484 3595 622 3682 oculos,
638 3594 859 3685 dextrumque
870 3609 1066 3686 precantem
1122 3643 1124 3648 ,
1148 3643 1160 3650 .,

160 3687 353 3773 Attollens,
368 3710 465 3766 nunc
476 3685 500 3750 ‘d
514 3685 644 3754 summi
659 3700 815 3775 regnator
830 3684 994 3775 Olympi,
1107 3733 1110 3743 .
1133 3731 1137 3738 .

61 3808 66 3819 ·
160 3779 262 3858 Alme
278 3775 373 3845 Deus
382 3822 393 3868 ,
406 3791 540 3846 nostros
556 3775 739 3864 nunqutm
755 3772 913 3844 frustrate
927 3789 1088 3861 vocatus,
