2632 4452
113 235 198 338 3⁹52
412 253 784 304 cinnanum
863 318 865 325 Α

119 353 164 418 Et
175 351 276 442 capiti
284 351 389 418 valeat
400 377 517 443 poenas
529 377 638 418 arcere
646 353 802 419 ‘nocenti

121 443 208 508 Ecce
222 442 397 532 repentino
408 443 523 508 sonitu
540 443 704 509 discedere
718 444 867 530 coelum,

120 530 366 622 Terrificasque
383 532 592 598 ridetlucere
604 559 645 598 ex
660 533 962 600 atheresammaa

120 621 280 688 Protinrls
293 621 405 686 oranti
420 623 651 713 nequicquam
661 639 694 688 et
702 623 811 688 multa
819 619 970 712 precanti

92 767 97 800 Ι,
120 711 237 801 Aliger
251 711 290 776 in
307 711 421 776 media
433 711 490 776 dat
502 733 571 776 sese
583 711 658 777 luce
670 711 867 780 videndum.

89 809 92 863 ‚¹
158 801 300 876 ¹Verilm
318 801 386 867 heu
401 803 413 866 l·
430 801 538 903 qualis
552 802 644 866 erat!
664 801 795 892 placido
809 826 883 868 non
894 800 997 892 spirat
1008 794 1047 862 in
1059 818 1124 862 ore
1192 820 1196 828 ·
1226 857 1227 860 ,

123 889 263 978 Gratia,
280 916 353 956 non
369 891 448 956 flavi
457 890 585 955 ludunt
594 916 659 982 per·
669 891 752 958 colla
764 891 902 994 capilli„

123 980 197 1046 Nec
211 981 343 1046 blandae
355 995 466 1070 portat
476 979 586 1060 felicia
598 982 729 1069 nuncia
745 979 848 1072 pacis.
930 972 941 996 '

122 1070 192 1135 Ore
205 1071 262 1134 sed
273 1093 415 1136 accenso
432 1068 527 1134 furor
536 1069 757 1161 implacabilis
770 1071 863 1137 ardet
871 1096 886 1161 3*
930 1139 933 1145 ,
999 1091 1002 1096 ’
1110 1078 1115 1140 s

13 1191 17 1203 t
57 1202 61 1209 .
123 1160 288 1224 Scintillae
302 1161 470 1224 absistunt
479 1160 587 1226 oculis
602 1171 821 1252 amatamque
833 1161 1049 1249 famemque,

122 1249 170 1315 Et
183 1247 334 1338 gladium
345 1250 384 1313 in
396 1251 556 1316 manibus
568 1296 578 1337 ,
592 1251 678 1317 sac1i
689 1266 915 1316 monumenta
926 1248 1047 1314 furoris
1060 1273 1072 1334 t'

13 1353 21 1370 “
122 1337 300 1426 Venulo,
314 1355 347 1404 et
359 1339 483 1407 misera
494 1339 643 1406 funestat
654 1341 806 1432 imagine
818 1342 958 1432 Regem.

171 1427 232 1492 Ille
246 1453 335 1494 novo
352 1431 456 1496 sensit
469 1431 597 1495 turbari
612 1447 746 1522 pectora
759 1447 880 1517 motu,
972 1483 974 1488 .
1055 1459 1058 1466 ·

125 1518 171 1584 Et
183 1518 292 1588 tristes
306 1544 388 1585 cum
405 1545 485 1585 voce
501 1521 672 1586 oculosad
689 1521 808 1611 sydera
816 1521 982 1597 tendens,

126 1608 182 1673 En
194 1608 262 1694 ait,
282 1609 369 1674 alme
385 1609 479 1675 Deus
493 1655 502 1696 ‚
517 1610 548 1674 si
560 1610 610 1674 vis
624 1612 745 1699 punire
757 1625 959 1695 nocentem,

69 1708 70 1716 ’
127 1696 189 1762 Nil
198 1723 330 1786 moror3
349 1699 386 1763 in
398 1723 514 1798 poenas
529 1699 658 1764 adsum·
665 1725 897 1789 quascumque
907 1713 1041 1787 paratus
1055 1718 1072 1783 ς,

127 1785 307 1860 Promerui
321 1785 441 1850 infelix
456 1833 466 1875 7
484 1788 589 1876 justas
602 1812 713 1876 neque
726 1788 883 1878 deprecor
890 1787 970 1851 iras.

128 1878 179 1940 Aa
188 1892 226 1940 tu
239 1899 336 1966 parce
350 1922 360 1963 ‚
373 1901 509 1972 precor„
524 1875 652 1966 populo
658 1877 709 1940 nil
721 1875 938 1944 talemerenti
948 1899 966 1962 3:
995 1913 999 1918 ·

128 1965 174 2029 In
189 1989 244 2030 me
262 1991 375 2032 unum
392 1967 521 2033 saevisse
536 1982 587 2030 sat
604 1981 672 2055 est3
691 1991 750 2068 ego
764 1965 874 2032 debita
888 1965 978 2031 solus

127 2053 281 2120 Victima
294 2071 416 2146 sponte
426 2056 564 2142 cadam,
581 2054 681 2121 felia!
703 2081 732 2122 er
748 2056 914 2145 sanguine
926 2053 1056 2146 possim¹

130 2143 274 2234 Eluere,
290 2161 322 2210 et
335 2145 464 2212 sceleris
475 2143 627 2233 maculas
639 2144 935 2212 abolerenefandi.
1142 2171 1163 2202 x

309 2326 514 2408 ULT'I‘Q
556 2327 799 2400 PRETIO
816 2327 911 2398 SA..

304 2455 462 2564 Samson
473 2484 541 2562 sua
557 2491 596 2565 V
591 2493 691 2566 ictor·
699 2446 740 2562 iri
754 2492 918 2564 Funere.

132 2615 706 2753 Daa1c1as'in·termensarum,'
722 2677 754 2732 et
768 2664 878 2732 dulcia
915 2664 984 2729 acis
1058 2671 1061 2686 ²

132 2755 288 2838 Gaudia,
301 2755 593 2821 secuiiIsacidum
605 2757 758 2846 jucunda
771 2689 959 2822 Ptolistlaei
1007 2803 1011 2812 ·
1028 2797 1029 2802 κ
1049 2781 1052 2786 ·
1077 2797 1081 2804 ,
1098 2781 1102 2788 ·

132 2843 214 2910 Otia
228 2844 433 2932 carpebant:
450 2860 483 2908 et
494 2844 615 2937 iniquo
626 2862 775 2936 tempere
793 2844 902 2910 clades

132 2935 299 3022 Acceptas
313 2979 323 3018 ,
338 2933 449 3006 multo
466 2935 730 3001 consolabantur
741 2933 874 3000 laccho.

133 3022 267 3088 Scilicet
281 3037 358 3087 ante
373 3022 453 3087 alios
467 3070 476 3107 ,
496 3023 625 3090 durum
639 3049 742 3114 quem
758 3038 904 3089 senserat
917 3022 1054 3088 hostem

94 3130 98 3144 ’
131 3111 247 3204 Impia
258 3137 341 3204 gens
356 3158 365 3200 ,
383 3111 483 3202 rigidi
497 3113 641 3180 Samson
658 3114 724 3180 sub
739 3113 888 3200 pond-ere
903 3111 1010 3200 feri-i,

133 3201 529 3304 Ingratamqutztrahens
546 3203 683 3294 gemino
696 3202 771 3293 sine
783 3201 917 3270 lumine
928 3202 1036 3268 vitam
1048 3247 1064 3291 ,.

81 3335 84 3340 ι
135 3290 302 3358 Victrices
317 3317 383 3375 tras
395 3291 489 3358 versd
504 3292 598 3372 vice,
619 3309 651 3358 et
663 3293 770 3359 hostis
779 3291 886 3358 amari

72 3393 73 3402 ’
88 3419 94 3444 .·
134 3381 315 3447 Indecores
326 3381 425 3448 nullo
443 3381 549 3459 fastus
564 3385 672 3456 ultore
684 3382 821 3454 ferebat.

181 3471 340 3562 Namque
353 3474 416 3538 sub
435 3489 592 3540 extremae
602 3473 775 3542 laetissima
788 3466 939 3564 tempora
952 3497 1056 3540 coenre
1063 3519 1080 3553 ,
1138 3513 1147 3530 ·

137 3561 226 3627 Proh
241 3562 249 3625 l
269 3560 398 3650 pudori
415 3561 529 3631 inviso
540 3581 656 3656 raptus
670 3563 713 3630 de·
723 3561 852 3630 carcere
864 3563 1018 3630 Samson·

137 3650 236 3716 Mille
250 3650 341 3738 jocos
354 3653 479 3743 populo
493 3655 531 3718 iu
548 3679 628 3718 mat
656 3680 700 3740 o,
722 3654 868 3734 ludibria
881 3652 921 3716 de
936 3677 970 3716 se
1019 3665 1041 3676 ''
1062 3685 1089 3732 '.

137 3738 235 3804 Mille
248 3739 368 3827 dabat,
383 3741 550 3808 miserum
563 3759 600 3808 tu
643 3745 664 3807 d
681 3742 843 3822 illudente
855 3742 1014 3818 laboretis.
