2680 4448
147 281 222 378 ὅῳ
435 303 807 350 ennnrnun
880 327 884 334 -

143 393 225 468 Non
236 399 357 466 frustra
371 399 550 494 perhibent
558 447 570 480 ,
591 401 648 466 sed
661 399 761 466 habet
775 401 825 466 vis
837 399 962 466 daedala
975 415 1154 490 mentem3

109 505 113 526 ¹
147 492 272 556 Unum
285 516 344 556 oro
357 537 366 578 ,
381 507 414 556 et
424 490 516 556 dulci
532 508 618 556 vates
631 515 691 582 pro
705 491 854 559 carmine
866 515 965 582 posco
978 513 989 578 3

144 583 244 646 Parce
262 605 339 646 meo
354 579 491 646 feralem
505 580 624 646 horam
639 605 813 672 properare
826 579 1004 652 Menalcae.

142 669 207 734 Sed
223 671 334 761 potius
352 670 499 763 relegens
512 688 572 736 tua
585 695 642 762 per
660 669 796 760 vestigia
810 695 973 758 cursum,

141 760 225 824 Fata
238 759 423 850 redordiri,
460 761 619 850 rimaeque
633 760 793 825 reducere
806 760 924 834 florem
940 807 950 847 ‚

142 849 327 934 Quantum
344 851 412 920 fata
428 788 574 940 iirusque
590 849 703 916 sinent
711 897 725 935 „
740 849 856 915 molire
869 849 1037 940 juventae,

144 937 215 1006 Ceu
231 940 405 1032 quondam
418 940 546 1032 magna
563 939 680 1030 populi
693 956 861 1032 spectante
876 941 1025 1025 catervb,

142 1027 207 1096 Per
222 1029 325 1096 denos
336 1029 492 1123 sublapsa
508 1030 631 1120 gradus
645 1033 732 1097 retro
749 1031 871 1095 umbra
885 1030 1057 1120 cucurrit3

144 1117 364 1211 Ezechiaeque
380 1143 458 1186 suos
477 1143 589 1186 aevurn
603 1117 769 1186 revocavit
784 1121 823 1185 in
837 1135 944 1186 ortus.
1020 1175 1033 1206 s
1122 1153 1127 1164 ·

165 1261 535 1380 rsirerosss
580 1307 665 1380 AD
704 1308 828 1390 trs.
872 1289 1053 1381 carr.

283 1487 417 1542 suurn
443 1497 615 1545 srenouu
639 1492 939 1544 rncnnvrrrnun.
995 1481 999 1488 '

142 1579 229 1698 Tu
242 1634 378 1726 quoque
392 1636 602 1702 carminibus
620 1634 796 1725 quondam
813 1632 1016 1698 celebrabere
1028 1635 1181 1714 uostriS,
1259 1663 1262 1668 ·

45 1765 50 1773 ·
139 1729 218 1794 ane
236 1725 351 1792 viridis
365 1741 523 1816 regnator
536 1727 678 1790 Psittace
693 1725 819 1816 sylvae:
1292 1745 1295 1753 ’

139 1818 220 1904 Quo
235 1813 340 1882 doctae
353 1813 502 1906 gaudent
513 1815 666 1880 volucres
675 1814 830 1878 didicisse
842 1814 1003 1906 magistro

140 1909 275 1998 Arguto
290 1904 460 1970 humanas
472 1904 601 1972 imitari
619 1919 756 1995 gutture
773 1927 882 1972 voces.

134 1997 245 2062 ,Unde
259 2010 326 2060 tuae
339 2011 455 2061 tamen
471 1993 575 2060 ordiri
590 1993 885 2096 praeconiaiaudis
923 2049 925 2056 .
1019 2021 1022 2034 s

139 2084 337 2176 Incipiam?
357 2078 440 2149 nain
458 2085 546 2148 dicta
564 2085 638 2148 ahis
655 2084 727 2172 jam
745 2083 877 2149 vatibus
889 2129 900 2169 ,
914 2092 1004 2150 auro'

139 2175 280 2240 Circum
294 2171 378 2236 colla
390 2172 525 2258 nitens,
539 2172 648 2234 minio
672 2195 715 2254 ue
726 2172 875 2236 interlita
888 2174 1016 2264 torquis
1032 2202 1044 2239 ι·
1097 2187 1115 2204 ”

138 2263 329 2351 Plumaque
346 2260 461 2326 nativo
474 2283 636 2348 superans
650 2197 781 2350 bigote
798 2259 930 2352 lapillos
942 2287 952 2350 3

139 2355 184 2420 Et
200 2351 291 2417 mille
305 2349 348 2415 ad
361 2351 464 2418 solem
478 2371 555 2442 quae
569 2374 682 2442 sparsa
698 2349 865 2418 coloribus
878 2350 953 2416 Irin

140 2443 258 2508 Gauda
272 2440 371 2507 refert
383 2462 393 2530 3
408 2465 575 2531 coccoque
590 2439 742 2506 rubentis
759 2439 864 2532 gloria
876 2443 993 2530 rost'ri'3
1138 2523 1142 2530 ι

139 2529 386 2624 Blanditiaeque
399 2579 409 2622 ,
420 2531 573 2624 jocique‚
589 2547 621 2597 et
636 2529 798 2598 herilibus
811 2531 924 2596 oscula
939 2530 1042 2599 labris
1066 2575 1070 2582 ·
1168 2567 1173 2572 ¹

140 2625 245 2689 Sueta
256 2622 350 2707 dari,
367 2639 399 2687 et
412 2641 504 2688 saetae
515 2621 553 2686 in
570 2621 661 2688 sures
678 2615 974 2713 convitia'linguae·.

137 2714 245 2799 Haec,
260 2729 292 2777 et
310 2712 428 2802 plura,
447 2709 572 2802 quibus
589 2711 680 2801 justo
694 2727 749 2798 te,
764 2711 925 2800 Psittaee‚
944 2710 1033 2778 tollis
1108 2759 1110 2763 ·
1205 2740 1208 2745 ·

16 2875 20 2882 a
139 2803 237 2868 Inter
249 2825 325 2867 aves
341 2801 431 2866 fastu
443 2848 455 2890 ,
474 2801 576 2893 pris'ei
589 2799 738 2866 cecinere
752 2807 856 2892 poe'tae
872 2827 882 2866 ε

20 2879 26 2900 ²
141 2891 214 2958 Nos
230 2915 361 2956 versam
372 2891 519 2982 effigiem
531 2907 730 2982 mutataque
745 2891 905 2957 membra.
915 2899 1090 2960 canemus.
1164 2896 1170 2908 '

187 2981 343 3047 Parnassi
357 3001 466 3048 sacras
482 2981 603 3047 furtim
620 2996 850 3084 penetraverat
861 3005 951 3048 arces
1069 2979 1072 2988 ¹

139 3071 192 3138 De
205 3071 330 3136 levium
344 3071 469 3160 populo
481 3071 710 3162 lepidissimus
724 3095 817 3158 unus
831 3073 1016 3143 Amorum.
1155 3129 1160 3136 .

29 3157 32 3164 ’
140 3160 233 3228 Nam
247 3177 332 3228 sorte
346 3160 447 3226 Idal'ri
458 3175 650 3226 nascuntur
662 3159 797 3250 dispare
811 3160 940 3228 fratres.
981 3179 984 3186 '
1116 3157 1122 3163 ’

139 3251 215 3318 Hos
228 3251 392 3344 Cytherea
407 3261 533 3342 parens'
543 3247 661 3314 divino
671 3249 800 3316 semine
815 3251 875 3318 leti

138 3341 294 3408 Procreat
310 3341 498 3408 immunes:
509 3334 629 3424 'ast'illi
642 3339 796 3408 humana
809 3336 1016 3434 ¹sequnntur-

38 3443 46 3476 ἱ
137 3430 223 3496 Fata
239 3432 358 3519 nothi,
377 3432 552 3525 patrioque
567 3430 709 3497 trahunt
724 3429 928 3534 asangu'ine·
938 3432 1062 3500 labem.

134 3517 242 3586 Haud
256 3539 372 3588 tamen
388 3523 442 3590 hio
457 3546 571 3615 gressu
587 3525 699 3613 pueris
714 3521 904 3590 coelestrbus
917 3522 999 3596 ibat,
1031 3524 1035 3532 '

135 3609 303 3678 Inferior:
325 3639 385 3704 par
398 3615 465 3695 oris
481 3630 570 3699 eret,
587 3612 775 3704 frontisque
787 3629 966 3702 venustas3
1013 3609 1017 3620 ¹

132 3698 231 3764 Idem
243 3703 350 3768 oculis
364 3704 473 3768 ardor.
489 3703 571 3768 Non
582 3703 678 3769 flavis
692 3703 799 3796 gratia
811 3701 928 3790 oirris,

131 3789 214 3856 Non
228 3791 384 3858 brevibus
397 3793 508 3859 deerat
526 3792 674 3873 formosa
689 3793 847 3884 superbia
859 3793 994 3886 permis.
